3525 5209
287 389 341 444 590
656 383 931 462 (ieschiclrtsquellen
949 388 999 446 der
1016 385 1097 446 Prov.
1108 383 1230 446 Sschscn

290 544 414 608 differre
436 543 598 619 volumus,
626 543 652 605 si
674 544 828 625 premissa
855 544 962 606 omnia
995 547 1025 606 et
1051 543 1176 626 singula
1202 543 1414 626 suprascripta
1434 543 1517 608 infra
1538 563 1595 608 sex

289 645 411 707 dierum
434 643 574 726 spacium
597 650 668 725 pest
689 641 933 706 notificationem
948 644 1155 725 presencium,
1179 641 1268 705 vobis
1283 641 1332 705 vel
1348 642 1594 707 alicuivestnrm

288 743 418 821 factam,
452 740 623 804 inmediate
656 741 878 823 sequencium.
914 759 995 823 quos
1028 740 1117 804 vobis
1148 747 1179 804 et
1211 740 1342 804 cuilibet
1372 747 1513 805 vestrum
1540 761 1596 825 pro

288 841 496 925 peremptorio
517 840 652 902 termino
676 858 712 901 ac
733 841 884 902 canonica
907 839 1084 903 municione
1107 839 1313 924 prefingimus
1332 843 1363 903 et
1384 841 1596 924 assignamus,

290 959 352 1002 raon
392 937 640 1020 adimpleveritis
673 945 729 1000 aut
765 938 957 1000 eontrarium
985 939 1121 1000 leceritis
1152 956 1207 1022 per
1239 957 1293 1000 ves
1326 938 1376 1000 vel
1406 937 1504 1001 alium
1537 957 1595 1002 seu

288 1038 369 1100 alies
390 1035 515 1119 publice
537 1034 586 1098 vel
608 1033 738 1114 occulte,
758 1035 875 1098 directe
897 1035 944 1099 vel
958 1035 1118 1115 indirecte,
1133 1043 1163 1098 et
1178 1035 1335 1100 mandatis
1351 1036 1467 1100 nestris
1488 1055 1597 1117 ymmo

289 1136 397 1198 verius
417 1133 596 1216 apostolicis
616 1134 649 1195 in
672 1133 730 1196 lrac
751 1139 836 1216 parte
858 1153 921 1196 non
944 1134 1111 1216 panteritis
1132 1135 1316 1216 peremnia
1337 1140 1368 1196 et
1386 1133 1510 1198 realiter
1520 1153 1596 1196 cum

289 1233 415 1310 ellectu,
438 1230 527 1293 vebis
549 1236 580 1294 et
600 1229 730 1294 cuilibet
752 1238 908 1309 vestrum,
937 1233 992 1313 qui
1019 1233 1051 1294 in
1082 1232 1140 1295 hcc
1168 1231 1334 1315 culpabilis
1361 1239 1417 1296 aut
1441 1234 1596 1296 remissus

289 1336 432 1413 repertus
453 1329 556 1408 fuerit,
576 1330 755 1412 ingressum
777 1329 907 1393 ecclesie
924 1330 1152 1410 interdicimus,
1173 1331 1200 1393 si
1221 1337 1327 1394 autem
1350 1329 1433 1392 infra
1450 1330 1596 1394 aliossex

290 1430 357 1492 dies
378 1427 548 1490 inmediate
568 1435 737 1510 sequentes
748 1428 838 1492 dictis
850 1430 966 1492 nostris
986 1430 1092 1492 verius
1112 1435 1218 1492 tamen
1239 1429 1418 1512 apostolicis
1440 1428 1597 1491 mandatis

290 1547 352 1590 uon
375 1527 541 1609 parueritis
562 1528 746 1608 peremnia
767 1534 887 1590 etcum
911 1527 1031 1606 effectu,
1054 1547 1109 1590 vos
1131 1533 1313 1590 etvestrum
1334 1525 1518 1609 quemlibet,
1540 1528 1596 1609 qni

290 1628 321 1689 iu
344 1626 404 1687 hoc
424 1625 576 1688 remissus
598 1625 748 1686 inventus
769 1624 878 1702 luerit,
899 1626 1124 1709 suspendimus
1155 1647 1173 1688 a
1199 1626 1329 1706 diviniS,
1360 1628 1386 1688 si
1420 1645 1493 1689 vero
1527 1645 1597 1709 pre-

289 1724 388 1786 dictus
408 1722 565 1785 interdicti
586 1727 616 1785 et
627 1723 845 1806 suspensionis
856 1729 980 1788 nostras
991 1725 1162 1788 sententias
1172 1744 1280 1805 ymmo
1295 1725 1402 1787 verius
1411 1724 1596 1808 apostolicas

290 1819 1598 1906 peraliosscrdiesdictisduodecimdiebusinmediutesequentibns,sustinueritis,

290 1918 374 2002 quod
397 1917 487 1996 absit,
507 1918 614 1980 animo
636 1917 782 1982 indurato
804 1919 961 2003 dictisque
982 1922 1098 1983 nostris
1120 1922 1227 1984 verius
1239 1921 1418 2004 apostolicis
1441 1920 1598 1984 orandatis

292 2035 355 2078 nen
378 2016 546 2098 parueritis
564 2015 690 2078 realiter
710 2022 740 2078 et
770 2037 843 2080 cum
867 2018 994 2096 ellectu,
1028 2020 1059 2080 in
1093 2039 1149 2082 vos
1180 2026 1211 2082 ct
1240 2018 1413 2102 quemlibet
1444 2025 1596 2098 vestrum,

291 2115 346 2196 qui
369 2115 401 2176 in
423 2114 482 2176 lroc
502 2113 669 2196 crrlpabilis
690 2121 746 2178 aut
766 2117 920 2179 remissus
939 2118 1088 2180 inventus
1099 2117 1204 2197 luerit,
1219 2135 1347 2180 exnunc
1365 2123 1458 2200 prout
1469 2125 1597 2196 extunc,

289 2219 320 2275 ct
341 2219 459 2276 extunc
480 2218 574 2294 prout
594 2231 723 2275 exnunc
743 2214 776 2275 in
804 2214 866 2276 hiis
892 2216 1016 2297 scriptis
1041 2216 1379 2278 excenrmunicationis
1407 2216 1594 2278 sententiam

288 2312 371 2374 dicta
391 2312 575 2374 auctoritate
593 2311 762 2393 apostolica
784 2312 917 2375 ferimus
930 2319 960 2376 et
981 2314 1075 2376 etiam
1093 2311 1344 2395 promulgamus,
1364 2312 1595 2376 absolutionem

290 2410 433 2472 eutitium
455 2416 486 2471 et
510 2409 720 2490 singulorum,
739 2411 794 2492 qui
808 2429 904 2492 supra
926 2417 956 2472 et
978 2409 1189 2493 infrascriptae
1211 2412 1383 2474 sententias
1406 2411 1597 2473 incurrerint

291 2506 508 2591 quovismodo,
530 2505 621 2570 nobis
634 2507 682 2569 vel
701 2509 854 2591 superiori
874 2515 980 2570 nostro
1000 2509 1219 2572 tantummode
1232 2515 1436 2573 reservantes
1478 2509 1596 2572 Ceteris

293 2607 450 2669 universis
471 2605 647 2688 etsingulis
667 2604 835 2669 abbatibus
858 2641 1131 2652 -----
1140 2611 1150 2648 ²
1174 2609 1304 2670 notariis
1319 2607 1453 2690 publicis
1463 2605 1597 2670 ubilibet

290 2705 468 2767 constitutis
494 2711 525 2766 et
551 2715 691 2767 vestrum
720 2703 849 2767 cuilibet
870 2703 930 2767 sub
955 2707 1293 2770 excommunicationis
1314 2725 1410 2789 pena,
1437 2725 1531 2788 quani
1562 2707 1596 2767 in

292 2823 349 2865 vos
372 2812 403 2866 ct
424 2801 598 2886 quemlibet
618 2811 758 2866 vestrum
783 2802 915 2864 feriatus
938 2803 971 2864 in
994 2802 1055 2864 hiis
1077 2804 1208 2885 scriptis,
1230 2805 1291 2866 nisi
1312 2806 1448 2867 feceritis
1468 2822 1513 2882 ea,
1534 2823 1598 2886 quc

290 2901 497 2980 mandamus,
518 2900 657 2963 districtc
676 2902 876 2984 precipimus
899 2907 1056 2981 quatenns
1077 2920 1133 2963 vos
1159 2907 1189 2963 ct
1216 2900 1349 2983 quilibet
1373 2909 1519 2981 vestrum,
1541 2902 1595 2984 qui

290 3019 384 3082 super
405 3000 463 3062 lrec
485 3001 580 3062 fucrit
602 3000 781 3081 requisitus,
803 3000 885 3061 iulia
906 3018 962 3060 sex
985 2999 1107 3062 dierum
1124 3000 1265 3082 spacium
1278 3005 1348 3083 pest
1359 2999 1596 3082 requisitionem

290 3097 474 3161 huiusmodi
504 3098 685 3161 immediate
716 3099 938 3180 sequeucium,
969 3116 1105 3180 querum
1139 3097 1262 3160 ‹lierum
1291 3099 1371 3162 duos
1400 3117 1456 3184 pro
1487 3098 1597 3181 primo,

290 3197 371 3259 duos
392 3215 447 3278 pro
474 3196 620 3275 secunde,
644 3196 782 3278 reliquos
810 3195 891 3258 duos
914 3215 968 3278 pro
995 3197 1090 3258 tercie
1119 3203 1150 3258 et
1174 3197 1382 3280 peremptorie
1404 3197 1538 3259 termino
1559 3213 1596 3258 ac

289 3296 463 3357 monitione
480 3292 842 3378 canonicapresentibus
859 3296 1070 3375 assignamus
1091 3294 1225 3374 accedat,
1247 3294 1438 3378 ubipropter
1453 3295 1596 3358 caluerit

288 3391 517 3470 accedendum,
550 3411 660 3455 ammes
695 3399 726 3455 ct
758 3391 900 3475 singulas
933 3393 1052 3456 litteras
1084 3399 1147 3455 tam
1180 3393 1365 3475 apostolicas
1395 3411 1492 3476 <qutun
1521 3392 1596 3454 dicti

288 3489 408 3552 alemini
430 3487 547 3552 Thome
569 3491 718 3573 luurcque
739 3496 883 3553 uestrum
906 3509 1087 3572 processum
1115 3497 1146 3554 et
1171 3493 1278 3554 omniu
1299 3498 1329 3555 et
1350 3492 1477 3572 singula
1497 3493 1530 3553 in
1550 3491 1597 3552 eis

288 3594 436 3650 ‹eontenlu
450 3589 481 3649 in
492 3588 605 3651 vestris
616 3588 757 3651 ecclesiis
767 3596 797 3652 et
808 3588 886 3651 locis
897 3588 977 3664 aliis,
1000 3588 1063 3668 ubi,
1084 3589 1210 3671 quondo
1223 3597 1254 3652 ot
1265 3590 1411 3672 quotiens
1425 3587 1597 3671 expediens

288 3687 360 3764 erit,
382 3692 412 3747 et
434 3691 527 3768 prout
547 3687 690 3768 requisiti
721 3687 858 3765 fueritis,
884 3687 1007 3768 legatis,
1037 3689 1205 3751 insinuetis
1226 3694 1257 3751 et
1281 3686 1449 3771 publicetis
1470 3691 1502 3749 et
1526 3685 1598 3764 legi,

289 3785 458 3864 insinuari,
489 3784 644 3866 publicari
678 3794 709 3847 et
738 3783 897 3848 observari
933 3784 1055 3848 faciatis
1084 3794 1114 3848 ct
1145 3787 1339 3868 permittatis.
1389 3783 1424 3846 In
1458 3802 1595 3866 quorum

287 3883 432 3945 ortrnium
460 3889 491 3946 et
516 3883 714 3962 singulorum
739 3885 964 3966 premissorum
992 3884 1085 3947 iidem
1115 3889 1145 3946 et
1171 3885 1386 3948 testimonium
1418 3887 1594 3965 presentem

288 3987 434 4042 nostrum
455 3999 638 4062 processum
659 3983 758 4044 nestri
780 3981 914 4052 fecimus
936 3981 1030 4062 sigilli
1052 3981 1240 4064 pontificnlis
1255 3981 1447 4065 appensione
1468 3980 1596 4044 muniri.

287 4080 368 4140 Actu
394 4085 471 4141 sunt
499 4078 557 4142 hec
589 4079 623 4140 in
651 4086 753 4142 castre
783 4086 890 4142 nostro
922 4081 1038 4150 montis
1065 4079 1155 4144 beate
1181 4078 1278 4144 llarie
1311 4097 1407 4162 prope
1435 4079 1595 4140 civitatem

289 4183 428 4240 uestrum
485 4173 765 4260 Herbipuleusem,
815 4197 900 4240 unno
951 4198 968 4242 a
1022 4179 1183 4248 nativitate
1238 4177 1366 4240 Domini
1428 4176 1595 4240 millesimo

287 4275 506 4338 trecentesimo
528 4276 759 4358 septuagesimo
780 4282 904 4357 octavo,
928 4276 1099 4339 indictione
1118 4277 1232 4359 prima,
1262 4275 1454 4339 diedecima
1477 4275 1597 4338 mensis

289 4371 413 4448 Marcii,
434 4372 635 4455 pontificatus
654 4373 844 4436 sanctissimi
866 4375 901 4436 in
911 4371 1033 4438 Christo
1054 4375 1151 4457 patris
1172 4393 1208 4438 ac
1230 4375 1349 4438 domini
1366 4372 1597 4436 nostridomini

288 4469 429 4551 Gregorii
454 4489 534 4553 pape
562 4469 723 4533 undecimi
750 4490 834 4534 anno
862 4479 988 4553 octavo,
1018 4472 1217 4555 presentibus
1250 4471 1489 4536 honorabilibus
1519 4469 1597 4535 viris

288 4569 438 4649 magistro
459 4567 620 4632 Walranm
642 4569 680 4632 de
700 4567 889 4650 Huusbacb,
917 4569 1144 4650 Masbucensis,
1166 4571 1329 4634 (lrnrtlrero
1351 4571 1389 4633 de
1409 4567 1596 4646 Rudolfstut,
