3525 5209
272 401 324 456 490
628 401 904 472 Geechichtsquellen
924 400 974 455 der
992 401 1072 460 Prov.
1086 401 1217 460 Sachsen.

266 553 467 636 apostolicam
488 552 744 617 benedictionem.
772 551 869 617 Iustis
884 554 1058 637 petentium
1074 553 1237 618 desideriis
1249 552 1382 618 libenter
1401 554 1578 619 annuimus

265 673 366 736 eaque
388 653 494 716 lavore
515 653 737 736 prosequimur
760 657 925 735 oportuno.
965 649 1047 714 Sane
1075 651 1196 715 dudum
1224 650 1322 716 felicis
1349 651 1577 715 recordationis

266 749 443 815 Bonifatius
464 750 650 836 papal'lll,
672 750 872 834 predecessor
892 755 1007 826 noster,
1026 769 1081 832 per
1104 769 1194 813 stram
1217 750 1491 829 constitutionem,
1512 771 1577 834 que

265 849 528 933 incipitProvidc,
543 849 709 933 probibuit,
729 843 867 911 utnulla
882 847 1054 930 provincia,
1069 848 1190 928 civitas,
1209 855 1358 930 caenum,
1373 849 1456 927 villa,
1477 849 1577 929 locus,

265 950 456 1012 territorium
486 949 536 1012 vel
563 947 724 1012 districtus
751 947 934 1010 auctoritate
964 946 1124 1009 ordinaria
1146 947 1196 1010 vel
1217 947 1357 1032 delegata
1378 954 1578 1032 supponatur

265 1047 473 1110 ecclesiastico
501 1046 666 1110 interdicto
692 1065 748 1128 pro
774 1045 956 1130 oecunimio
983 1043 1087 1108 debito
1118 1045 1166 1108 vel
1194 1065 1250 1129 pro
1278 1047 1421 1110 cuiusvis
1449 1055 1576 1111 monete

266 1145 315 1208 vel
343 1147 477 1228 pecunie
498 1146 672 1228 quantitate
693 1161 885 1226 quacunque
906 1143 1070 1206 occasione
1092 1143 1142 1206 vel
1166 1133 1263 1208 causa
1283 1163 1340 1208 seu
1362 1147 1476 1228 quovis
1498 1165 1575 1229 que·

265 1243 323 1305 sito
345 1242 462 1320 colore,
482 1262 518 1305 ao
545 1241 683 1306 decrevit
703 1243 827 1304 irritum
850 1245 880 1303 et
902 1242 1004 1319 inane,
1025 1243 1049 1304 si
1074 1260 1165 1306 secus
1186 1247 1405 1326 attemptatum
1426 1245 1577 1310 existeret

265 1339 315 1403 vel
337 1342 532 1422 contingeret
552 1341 741 1422 attemptari,
768 1340 831 1401 nisi
858 1338 929 1402 talis
949 1340 1123 1422 suppositio
1143 1340 1300 1404 interdicti
1321 1340 1401 1404 foret
1420 1340 1503 1404 facta
1523 1342 1574 1405 vel

265 1437 353 1502 fieret
382 1437 420 1502 de
448 1439 615 1522 apostolice
643 1438 726 1501 sedis
754 1437 880 1500 licentia
906 1437 1033 1520 speciali
1060 1442 1093 1501 et
1120 1457 1272 1521 expressa
1292 1457 1348 1521 per
1367 1439 1469 1522 ipsius
1490 1439 1575 1503 sedis

265 1542 405 1620 patentes
427 1537 545 1602 litteras
568 1541 750 1619 apparente,
776 1541 870 1619 prout
889 1536 923 1598 iu
945 1535 1027 1614 dicte
1048 1537 1289 1615 constitutione,
1316 1537 1410 1600 cuius
1430 1544 1573 1600 tenorem

265 1636 303 1699 de
327 1635 421 1698 verbo
445 1635 485 1698 ad
517 1634 649 1698 verbum
678 1633 810 1696 fecimus
831 1631 1031 1716 presentibus
1052 1635 1213 1708 annotari,
1239 1634 1364 1717 plenius
1384 1636 1574 1699 continetur.

267 1732 369 1797 Tener
392 1753 464 1797 vero
485 1734 644 1817 predictus
665 1732 737 1796 talis
758 1738 818 1795 est:

346 1829 526 1896 Bonifatius
559 1833 725 1914 episcopus
758 1849 869 1893 servus
903 1847 1068 1893 servorum
1099 1828 1168 1894 Dei.
1209 1830 1268 1893 nd
1308 1836 1490 1915 perpetuam
1526 1833 1573 1896 rei

263 1931 458 1995 memoriam.
508 1928 642 1992 Provide
676 1926 871 1990 attendentes
900 1928 998 2011 qnod,
1032 1933 1069 1991 ut
1098 1928 1298 2012 frequentius
1328 1931 1476 2013 quamvis
1507 1951 1572 1995 non

264 2029 333 2092 sine
354 2047 450 2091 causa
471 2029 538 2092 sive
558 2026 659 2110 culpa,
679 2031 785 2090 tamen
807 2023 981 2088 urultorum
1003 2025 1160 2089 interdicti
1182 2029 1336 2091 sententie
1356 2029 1573 2112 pmferuntur,

264 2126 413 2209 quodque
441 2131 517 2190 sunt
541 2123 688 2188 nonnulli
715 2123 836 2187 iudices
863 2124 961 2186 nimis
987 2125 1124 2207 prompti
1149 2124 1188 2187 ad
1214 2125 1415 2208 proferendas
1444 2128 1572 2191 easdem

264 2225 358 2287 etiam
388 2225 421 2286 in
456 2224 594 2306 negociis
625 2224 692 2285 sive
722 2219 840 2302 cussie,
879 2241 942 2304 que
967 2221 1169 2285 interdictum
1202 2223 1275 2306 plus
1307 2243 1348 2287 ex
1381 2225 1573 2308 cupiditatis,

264 2341 373 2405 quam.
400 2341 441 2385 ex
482 2323 619 2385 caritatis
655 2320 759 2384 radice
795 2321 970 2402 perspicuis
1010 2318 1136 2382 iudiciis
1174 2319 1343 2404 procedere
1383 2328 1574 2406 arguuntur,

265 2419 413 2503 quodque
442 2425 581 2503 tempore
609 2418 764 2483 interdicti
791 2417 899 2480 divina
926 2437 1046 2499 organa
1065 2419 1306 2502 suspenduntur
1325 2426 1357 2483 et
1377 2420 1487 2485 laudes
1512 2441 1573 2485 nec

264 2517 475 2582 ecclesiastica
502 2521 696 2582 sacramenta
724 2515 946 2580 ministrantur
975 2520 1011 2579 ut
1037 2515 1155 2596 solent,
1183 2517 1340 2581 tolluntur
1360 2518 1494 2583 mortuis
1514 2539 1573 2584 seu

264 2617 456 2680 minuuntur
501 2617 649 2699 suffragia
692 2614 855 2697 presertim
901 2632 956 2695 per
999 2612 1187 2677 oblationem
1232 2616 1429 2699 frequentem
1472 2618 1573 2682 hostie

264 2714 411 2778 salutaris
437 2713 649 2778 adolescentes
675 2721 707 2778 et
725 2715 849 2798 parvuli
879 2715 1087 2798 percipientes
1120 2715 1216 2777 nimis
1246 2714 1349 2777 rarius
1375 2722 1573 2780 sacramenta

264 2811 504 2876 inflammantur
536 2820 566 2876 et
595 2813 771 2876 solidantur
801 2814 831 2875 in
859 2813 921 2876 fide
948 2813 1106 2890 fidelium,
1132 2814 1261 2896 tepescit
1281 2812 1420 2892 devotio,
1445 2813 1572 2878 hereses

264 2909 423 2992 pullulant
451 2916 481 2974 et
508 2911 759 2994 multiplicantur
783 2912 922 2996 pericula
942 2913 1134 2991 animarum,
1161 2914 1315 2994 presentis
1335 2913 1572 2978 constitutionis

263 3008 465 3092 providemus
495 3009 612 3090 edicto,
650 3016 686 3074 ut
716 3010 802 3073 nulla
832 3011 1006 3094 provincia,
1039 3011 1166 3089 civitas,
1198 3015 1312 3090 castra,
1351 3009 1435 3090 villa,
1472 3010 1572 3091 leone,

265 3109 457 3170 territorium
485 3108 535 3170 vel
564 3108 724 3172 distiictus
750 3110 935 3172 auctoritate
960 3108 1118 3171 ordinaria
1139 3107 1189 3171 vel
1211 3107 1352 3190 delegata
1373 3116 1571 3192 supponatur

263 3205 472 3268 ecclesiastico
499 3205 664 3269 interdicto
691 3225 746 3289 pro
773 3209 955 3289 pecuniario
981 3205 1085 3270 debito
1116 3205 1163 3269 vel
1193 3225 1249 3289 pro
1275 3207 1418 3270 cuiusvis
1445 3212 1572 3270 monete

264 3302 313 3366 vel
349 3305 482 3385 pecunie
524 3307 698 3387 quantitate
728 3324 921 3388 quvvcunque
959 3305 1122 3367 occasione
1156 3305 1205 3367 vel
1237 3324 1332 3367 causa
1369 3323 1425 3368 seu
1456 3306 1571 3388 quovis

263 3404 386 3483 quesite
417 3403 533 3481 colore,
565 3423 620 3484 pro
649 3423 685 3465 eo
716 3405 865 3482 vrinximc,
898 3403 981 3485 quod
1013 3403 1153 3485 ipsorum
1180 3403 1316 3483 domiui,
1345 3408 1481 3466 rectores
1513 3423 1570 3467 seu

264 3499 428 3579 officiales,
458 3520 650 3584 quocunque
676 3502 804 3564 nomine
832 3507 1036 3580 censeantur,
1066 3506 1121 3564 aut
1154 3501 1264 3563 incole
1290 3520 1347 3564 seu
1380 3501 1570 3565 habitatores

264 3603 320 3662 aut
346 3599 523 3679 singulares
553 3619 687 3684 persone
712 3601 852 3682 ipsorum
883 3600 1009 3662 statutis
1039 3599 1090 3661 vel
1118 3599 1307 3680 statuendis,
1339 3599 1492 3662 ordinatis
1519 3601 1570 3664 vel

264 3697 447 3760 ordinandis
474 3698 618 3760 terminis
644 3697 827 3760 huiusmodi
850 3696 990 3762 debitum
1013 3716 1069 3760 seu
1093 3698 1301 3779 quantitatem
1322 3715 1386 3759 non
1407 3697 1570 3761 solverunt

264 3795 416 3858 hactenus
435 3801 491 3858 avit
512 3795 544 3858 in
567 3800 659 3858 autea
680 3815 744 3860 non
767 3796 952 3878 persolvent.
994 3794 1060 3858 Nos
1086 3795 1171 3858 enim
1193 3814 1234 3857 ex
1259 3813 1347 3857 nvvnc
1367 3793 1569 3859 decernimus

263 3893 388 3956 irritum
417 3898 447 3956 et
467 3894 577 3969 inane,
607 3895 633 3956 si
662 3911 753 3958 secus
779 3894 932 3958 hactenus
957 3895 1062 3956 extitit
1087 3898 1306 3975 attemptatum
1330 3894 1377 3957 vel
1403 3895 1570 3976 configent

263 3992 448 4073 attemptari,
470 3991 613 4074 illudque
627 3993 846 4056 revocavimus
865 3993 1003 4069 omnino,
1025 3991 1304 4054 nonobstantibus
1322 3991 1570 4073 quibuscunque

263 4090 486 4168 contractibus,
529 4090 791 4171 obligationibus,
829 4091 939 4172 pactis,
973 4088 1250 4169 conventionibus,
1280 4088 1569 4173 compositionibus,

263 4187 523 4264 sumissionibus,
553 4187 824 4266 fideiussionibns,
854 4187 1077 4261 consensibus
1110 4187 1309 4270 processibus
1342 4193 1373 4251 et
1403 4189 1569 4250 sententiis

263 4305 358 4367 super
381 4286 441 4348 hoc
466 4285 579 4349 habitis
607 4287 657 4348 vel
683 4285 848 4366 habendis,
872 4287 1138 4365 iuramentcrum,
1170 4305 1323 4368 penarum
1355 4285 1568 4368 spiritualium

263 4389 293 4446 et
309 4383 528 4466 temporalium
545 4403 601 4447 seu
619 4385 810 4448 muletarum
828 4384 877 4446 vel
895 4403 1085 4466 quacunque
1104 4384 1165 4446 alia
1182 4384 1329 4447 firmitate
1349 4383 1484 4464 vallatis,
1505 4385 1568 4446 nisi

263 4480 333 4544 talis
367 4483 540 4563 suppositio
571 4482 727 4546 interdicti
761 4483 914 4545 hactenus
944 4483 1024 4544 foret
1049 4481 1130 4544 tacta
1158 4482 1204 4544 vel
1235 4484 1267 4544 in
1293 4487 1386 4545 antea
1416 4482 1505 4546 fieret
1529 4480 1568 4544 de

263 4579 432 4660 apostolice
461 4579 542 4642 sedis
574 4581 699 4645 licentia
725 4582 850 4666 speciali
878 4586 909 4648 et
936 4600 1086 4672 expressa
1114 4600 1168 4671 per
1195 4582 1296 4674 ipsius
1322 4579 1406 4647 sedis
1427 4585 1569 4675 patentes
