3525 5209
483 396 714 455 Urlrundenbuch
732 396 781 453 der
798 394 882 453 stadt
899 395 1005 455 Erfurt.
1043 395 1082 455 II.
1094 394 1182 455 Theil.
1453 401 1484 453 61

174 548 297 633 [apide
312 550 416 613 dictus
431 550 470 613 de
482 548 714 633 Milingeudors‚
725 548 898 615 Heinricus
908 550 947 613 de
958 546 1155 628 Smydestete
1167 552 1271 611 textor
1281 550 1442 632 ceterique
1461 567 1468 580 ·

176 649 323 729 magistri
354 647 531 726 consulum
552 649 768 711 universitatis
798 694 833 710 ..
864 652 1018 724 rectoreS,
1050 645 1210 724 consules,
1241 646 1431 712 universitas
1457 657 1488 713 et

173 744 304 827 singule
329 764 463 827 persone
490 744 530 808 de
557 746 760 808 universitate
788 744 872 828 opidi
894 743 1110 822 Eriordensis‚
1137 763 1275 826 quorum
1297 746 1426 808 uomina
1447 749 1486 810 ad

174 859 309 925 presens
329 844 514 926 ignoramus
535 848 567 906 et
587 843 814 905 nichilominus
836 842 994 907 lohannes
1015 842 1119 904 dictus
1141 840 1333 917 Baldeberti,
1359 843 1486 925 opidani

175 938 414 1019 Mulhuseusis‚
441 942 495 1023 qui
522 944 554 1003 in
578 940 853 1023 spiritualibus-
866 951 978 985 --·
1000 940 1169 1002 informati.
1211 937 1278 1001 Nos
1297 938 1485 1015 Heinricum

172 1039 391 1103 Hottermann
409 1045 441 1103 et
457 1039 533 1101 alias
551 1040 785 1123 prenominatus
799 1042 829 1101 et
846 1038 1023 1119 singulares
1033 1055 1183 1121 personas
1193 1034 1278 1117 opidi
1288 1034 1486 1101 Erfordensis

174 1144 209 1201 et
230 1135 449 1201 Mulhusensis
475 1136 816 1201 excommunicacionis
839 1137 1028 1199 seutentiam
1042 1169 1075 1179 -
1088 1169 1176 1179 --
1188 1146 1199 1172 ¹
1209 1132 1339 1197 fueritis
1370 1134 1486 1199 Heari-

175 1254 254 1298 cum
270 1234 390 1297 dictum
403 1232 614 1297 Hottermanu
630 1240 661 1299 et
677 1235 754 1298 alias
771 1236 950 1297 nominatas
965 1252 1116 1317 personas
1133 1232 1285 1315 predictas
1297 1252 1333 1295 ac
1344 1232 1486 1315 singulas

175 1350 330 1416 personas
353 1332 567 1395 universitatis
588 1332 724 1416 predicte
741 1331 959 1395 inobedientes
977 1331 1141 1393 manifeste
1161 1364 1188 1373 -
1203 1366 1240 1373 -
1251 1333 1486 1413 —⁸campanis

174 1449 254 1493 cum
274 1428 425 1493 omnibus
446 1430 492 1492 eis
512 1428 823 1493 communicantibus
842 1428 988 1509 emendo,
1010 1427 1191 1506 vendendo,
1211 1427 1306 1509 ligna,
1325 1427 1487 1501 carbones,

175 1528 239 1602 sal,
262 1528 349 1604 rina,
370 1528 570 1602 cerevisiam,
597 1546 755 1591 annonara
783 1534 814 1591 et
835 1544 1045 1610 quascunque
1065 1544 1116 1588 res
1136 1524 1215 1587 alias
1235 1524 1486 1589 mercimoniales

174 1626 257 1707 ipsis
276 1624 461 1688 adducendo
483 1630 515 1688 et
534 1625 717 1689 deducendo
735 1624 860 1708 publice
876 1624 1042 1703 nunciatis,
1063 1630 1094 1685 et
1111 1624 1138 1685 si
1157 1622 1286 1706 predicti
1303 1674 1309 1687 .
1326 1624 1486 1705 magistri

174 1722 348 1785 consulum
371 1727 401 1785 et
422 1721 598 1803 singulares
619 1741 752 1806 persone
774 1722 812 1784 de
834 1722 1038 1785 universitate
1058 1720 1143 1803 opidi
1159 1718 1359 1784 Eriordensis
1375 1720 1486 1784 huius-

176 1818 265 1883 modi
294 1820 631 1883 excommunicationis
660 1822 831 1883 sententias
853 1838 909 1903 per
934 1818 1173 1901 quatuordecim
1195 1817 1270 1897 dies,
1291 1824 1361 1901 post
1380 1818 1484 1901 publi-

175 1919 335 1981 cationem
357 1918 550 2000 presentium
572 1918 752 1981 immediate
768 1924 945 2000 sequentes,
965 1917 1082 1980 animis
1098 1916 1309 1980 sustinuerint
1319 1916 1486 1993 induratis,

176 2034 237 2078 nos
263 2021 390 2097 propter
416 2033 527 2078 eorum
555 2014 733 2078 induratam
762 2017 967 2099 pertinaciam
998 2033 1128 2077 exnunc
1159 2020 1252 2095 prout
1282 2022 1401 2078 extunc
1430 2034 1485 2099 per

176 2118 277 2175 totam
298 2110 474 2175 Erfurdiam
497 2114 681 2177 auctoritate
702 2114 870 2197 apostolica
891 2113 1039 2196 ponimus
1061 2113 1273 2175 cessasionem
1295 2113 1485 2189 divinorum,

178 2230 276 2294 quam
293 2212 499 2273 cessationem
520 2211 702 2275 divinorum
719 2211 779 2275 sub
796 2230 876 2295 pena
893 2211 1231 2275 excommunicationis
1246 2210 1308 2273 late
1322 2213 1488 2289 sententie,

181 2309 337 2373 canonica
351 2309 530 2373 municione
542 2309 701 2391 premissa,
712 2309 829 2372 clausis
844 2310 951 2371 ianuis
966 2308 1112 2390 predictis
1124 2308 1361 2391 quatuordecim
1374 2307 1486 2373 diebus

178 2406 331 2469 volumus
352 2413 383 2469 et
403 2408 595 2489 precipimus
615 2406 784 2471 observari.
817 2406 850 2471 Si
874 2414 954 2486 vero,
976 2405 1060 2489 quod
1081 2404 1171 2483 absit,
1192 2405 1340 2489 sepedicti
1360 2425 1486 2471 excom-

178 2504 334 2567 municati
354 2506 693 2569 excommunicationis
714 2511 744 2569 et
765 2505 945 2567 divinorum
967 2505 1185 2587 suspensionis
1207 2504 1378 2568 sententias
1400 2524 1486 2569 more

177 2601 297 2684 aspidis
328 2600 514 2665 obdurantis
545 2621 638 2665 aures
673 2622 749 2667 suas
779 2622 833 2685 per
861 2601 939 2665 alios
967 2600 1206 2684 quatuordecim
1236 2602 1302 2664 dies
1331 2603 1485 2686 predictos

177 2699 419 2782 quatuordecim
455 2699 635 2763 immediate
671 2707 840 2783 sequentes
875 2701 1036 2763 mentibus
1065 2707 1097 2763 et
1127 2700 1244 2763 animis
1275 2702 1487 2766 sustinuerint

177 2795 345 2860 obstinatis
380 2804 411 2859 et
437 2815 542 2861 coram
579 2797 669 2863 vobis
694 2800 854 2882 protestati
881 2818 945 2861 non
974 2797 1104 2878 fuerint,
1131 2796 1217 2877 quod
1244 2806 1406 2881 tamquam
1428 2798 1485 2863 filii

179 2894 364 2957 obediencie
383 2896 516 2970 uostris,
537 2897 635 2958 immo
658 2898 766 2959 verius
786 2895 979 2979 apostolicis,
1006 2914 1114 2978 parere
1136 2895 1294 2958 voluerint
1319 2897 1486 2977 mandatis,

178 2990 413 3055 monicionibus
433 3003 465 3055 et
484 2992 744 3075 requisitionibus
765 3012 839 3055 cum
860 2992 989 3072 aflectu,
1017 2992 1164 3074 dictoque
1185 2992 1312 3055 domino
1333 2992 1483 3059 Heinrico

176 3090 410 3173 archiepiscopo
443 3088 630 3171 Mogontiuo
661 3098 823 3174 tamquam
857 3093 998 3174 ipsorum
1033 3108 1106 3153 vero
1136 3090 1263 3153 domino
1295 3097 1484 3157 stauarum

177 3187 359 3251 animarum
387 3189 502 3270 pastori
528 3186 691 3251 humiliter
719 3188 845 3253 obedire
871 3208 908 3251 ac
935 3207 991 3272 pro
1017 3186 1220 3256 absolucioue
1240 3195 1271 3251 et
1289 3188 1484 3255 relaxatione

176 3284 391 3367 predictarum
420 3287 648 3349 sententiarum
675 3285 758 3367 apud
788 3286 894 3349 sedem
922 3286 1124 3369 apostolicam
1143 3284 1311 3349 efficaciter
1332 3286 1484 3367 laborare,

178 3400 244 3457 nos
269 3401 343 3445 cnm
372 3390 531 3447 crescente
556 3385 755 3447 coutumacia
780 3400 920 3447 crescere
944 3382 1037 3446 debet
1063 3389 1095 3447 et
1120 3402 1212 3465 pena,
1240 3402 1371 3449 exnunc
1390 3392 1485 3467 prout

176 3487 310 3557 extunc,
338 3479 452 3563 elapsis
474 3480 621 3565 predictis
642 3480 762 3545 ultimis
784 3481 1023 3563 quatuordecim
1044 3480 1165 3559 diebus,
1186 3485 1283 3545 totam
1304 3480 1482 3547 Erfordiam

177 3577 349 3661 apostolica
380 3580 564 3642 auctoritate
591 3578 729 3661 predicta
753 3578 962 3642 ecclesiastico
991 3577 1168 3643 subicimus
1193 3579 1371 3656 interdicto,
1398 3581 1484 3662 quod

176 3674 380 3739 interdictum
401 3680 520 3739 extunc
542 3676 601 3739 sub
622 3696 704 3761 pena
716 3677 1054 3739 excommunicationis
1074 3675 1136 3739 late
1154 3678 1317 3755 sententie,
1329 3679 1483 3741 canonica

177 3773 359 3837 municione
380 3774 543 3855 premissa,
564 3775 756 3859 precipimus
776 3774 1006 3837 districtissime
1028 3772 1196 3837 observari.
1238 3772 1279 3837 Et
1304 3780 1339 3837 ut
1358 3774 1433 3837 dicti
1454 3827 1482 3840 ..

177 3871 321 3952 magistri
331 3870 509 3951 consulum,
521 3874 735 3936 universitatis
747 3877 892 3949 rectores,
904 3923 911 3936 .
923 3921 931 3933 .
945 3872 1119 3951 consules.
1133 3871 1328 3953 ‚singulares
1350 3891 1483 3955 persone

178 3969 396 4033 universitatis
417 3976 448 4033 et
469 3970 571 4034 incole
592 3970 676 4054 opidi
695 3969 895 4033 Eliordensis
915 3969 1045 4053 predicti
1066 3971 1333 4033 excommunicati
1353 3972 1483 4034 misera·

178 4066 284 4130 biliter
301 4068 449 4131 suasione
465 4067 630 4149 dyabolica
648 4070 681 4131 in
703 4067 784 4131 bono
795 4068 907 4131 salutis
918 4076 949 4131 et
961 4066 1329 4133 obedienciediffidentes
1339 4076 1483 4133 artentur

177 4163 251 4247 plus
278 4162 410 4229 sollicite
434 4165 642 4229 ecclesiastica
669 4168 800 4245 unione,
827 4165 917 4229 vobis
945 4165 1095 4229 omnibus
1115 4175 1146 4229 et
1166 4166 1301 4248 singulis
1322 4166 1382 4230 sub
1402 4187 1482 4251 pena

177 4280 243 4345 qua
269 4280 382 4345 supra,
418 4264 570 4325 canonica
591 4264 771 4327 municione
804 4265 969 4348 premissa,
991 4263 1163 4326 districtius
1192 4267 1421 4328 committimus
1450 4271 1481 4330 et

177 4360 384 4439 mandamus,
413 4366 571 4441 quatenus
599 4380 729 4441 censue,
759 4366 947 4444 proventus,
976 4380 1100 4424 annuas
1128 4363 1310 4444 pensiones,
1335 4363 1481 4441 decimas,

176 4456 417 4537 decimaciones,
435 4457 647 4523 obrenciones
667 4467 698 4523 et
717 4478 769 4523 res
790 4460 877 4539 alias,
899 4466 935 4522 ut
955 4461 1142 4523 existuntin
1155 4458 1323 4539 frumento,
1343 4460 1480 4524 denariis

178 4552 229 4619 rel
245 4559 383 4639 argento,
403 4556 501 4617 eciam
524 4553 629 4621 debita
650 4557 914 4642 qualitercunque
933 4563 1093 4621 consecra
1114 4557 1229 4622 directe
1248 4557 1299 4623 rel
1319 4558 1489 4641 indirecta.
