3525 5209
492 400 724 456 Urknndcnbuch
740 401 790 456 der
808 400 893 456 Stedt
909 401 1015 456 Erfurt.
1053 401 1092 456 ll.
1108 401 1194 456 rneil.
1448 403 1496 456 101

187 553 252 615 wir
270 551 347 616 oder
367 552 423 616 der
444 557 636 636 vorgenante
657 552 725 616 stift
744 553 832 616 recht
850 551 890 616 nd
911 552 1026 630 hetten,
1056 553 1113 616 dez
1135 552 1220 616 selbe
1236 553 1324 616 recht
1344 551 1435 616 sulde
1447 552 1499 615 bie

188 671 256 734 uns
280 650 345 713 und
368 649 418 714 bie
439 650 530 714 deme
551 649 656 713 selben
679 649 781 713 stiefte
802 649 935 713 blieben.
975 649 1010 712 In
1034 649 1080 714 sel
1104 650 1186 714 cuch
1214 669 1310 713 unser
1332 649 1416 730 hoyn
1440 650 1499 714 mit
1582 701 1585 708 ,

188 749 253 812 den
275 755 489 830 vergenonten
515 766 648 828 greven,
667 749 737 810 iren
758 746 879 811 helfern
905 747 981 810 oder
1005 747 1082 826 den,
1109 747 1170 810 den
1198 747 1243 811 sie
1266 746 1405 830 behulfig
1426 748 1498 824 sint,

188 846 261 910 sich
278 846 383 909 friden
404 845 480 909 oder
505 865 614 923 aonen,
634 847 664 907 iz
691 865 731 909 en
752 865 791 927 sy
816 845 921 908 denne
941 846 1000 908 mit
1021 865 1118 908 unser
1139 844 1246 909 beider
1265 851 1365 927 gnten
1385 845 1500 908 willen-

188 945 265 1008 Alle
285 945 353 1008 dise
373 943 676 1026 vorgeschriebenen
698 943 808 1006 stuche
828 943 896 1005 und
919 942 1048 1006 artilrele
1067 943 1129 1006 han
1146 945 1203 1005 wir
1215 942 1501 1027 beydersytglobet

188 1049 271 1106 stete
292 1042 360 1106 und
379 1048 467 1106 veste
487 1041 526 1105 zd
546 1042 680 1105 haldene
696 1059 756 1104 ene
776 1040 923 1122 allerleye
935 1041 1061 1122 argelist
1079 1041 1145 1104 und
1162 1060 1202 1104 en
1216 1041 1326 1105 wellen
1341 1041 1395 1104 des
1413 1041 1501 1104 nicht

188 1138 299 1218 laren,
331 1139 414 1204 noch
445 1138 504 1203 abe
533 1159 596 1222 gen
628 1139 727 1204 ddrcb
756 1138 980 1218 heynerhaude
1007 1139 1120 1202 sachen
1147 1139 1267 1217 willon,
1298 1139 1327 1202 iz
1353 1157 1392 1202 en
1417 1158 1501 1203 were

191 1239 298 1302 danne
318 1239 378 1300 mit
398 1257 496 1301 unser
510 1236 617 1301 beider
631 1236 855 1320 gdtenwillen.
898 1234 964 1298 Des
980 1236 1042 1298 han
1060 1236 1118 1298 wir
1129 1255 1242 1300 unsers
1253 1235 1501 1300 erczebischovis

190 1355 256 1399 ron
282 1335 370 1399 Trite
394 1335 561 1418 ingesigel,
590 1336 645 1399 des
667 1337 725 1398 wir
748 1333 788 1399 rh
809 1334 910 1398 disem
936 1334 1018 1398 male
1037 1333 1229 1417 gebrechen,
1249 1354 1289 1397 an
1310 1335 1417 1398 diesen
1438 1334 1504 1398 brif·

190 1434 260 1498 dun
296 1433 422 1496 henhen
475 1433 547 1496 Und
575 1435 634 1495 wir
663 1431 825 1496 Bertholin
853 1432 910 1496 der
930 1431 1164 1516 domprobeste,
1194 1432 1299 1496 Johan
1330 1432 1386 1496 der
1413 1433 1500 1496 dom-

191 1531 316 1596 dechan
336 1531 404 1595 und
425 1531 482 1594 der
501 1531 614 1614 capitel
634 1536 827 1613 vorgenante
847 1531 1017 1609 erheunen,
1040 1531 1097 1594 daz
1119 1530 1178 1594 alle
1193 1531 1501 1612 diesevorgeschrie·

192 1629 274 1694 bene
302 1629 413 1692 stdoke
441 1630 500 1692 mit
527 1649 655 1693 unserm
675 1635 755 1708 rate,
779 1635 887 1710 gutem
910 1629 1014 1691 willen
1039 1629 1105 1692 und
1128 1629 1352 1713 verhengnisse
1377 1632 1500 1712 cinge

189 1729 323 1806 scheen,
344 1728 411 1790 und
433 1727 490 1790 daz
512 1728 634 1791 wirdes
655 1727 697 1790 zd
719 1726 866 1791 urkunde
892 1746 973 1790 unse
992 1726 1163 1810 ingesigele
1183 1747 1225 1790 an
1244 1727 1332 1791 disen
1357 1727 1420 1791 brif
1437 1728 1500 1790 han

190 1826 259 1889 dnn
283 1825 418 1904 henken,
439 1827 496 1889 der
514 1824 656 1909 gegeben
676 1827 718 1888 ist
731 1825 813 1888 nach
834 1825 956 1889 Cristus
970 1824 1101 1906 geburte
1122 1830 1215 1889 tusen
1238 1827 1285 1888 iar
1306 1824 1501 1892 drllhundert

188 1925 240 1989 iar
259 1927 294 1988 in
315 1924 387 1987 dem
407 1923 483 1988 fcnf
500 1924 565 1986 und
588 1923 811 2006 drizregestem
831 1925 905 2002 iere,
926 1943 966 1988 an
989 1924 1079 1987 deme
1099 1924 1250 1988 nehesten
1271 1929 1402 2008 contege
1420 1924 1501 1988 nach

190 2025 249 2088 der
270 2022 364 2087 uffart
387 2041 498 2085 unsers
520 2019 642 2085 herren.

190 2279 308 2361 1335.
337 2277 424 2358 Mal
450 2275 515 2358 29.
1415 2277 1501 2360 128.

294 2411 457 2490 Heinrich,
479 2411 633 2476 Heinrich
653 2411 723 2474 und
746 2407 942 2492 lbeoderich,
966 2410 1090 2493 Grafen
1111 2431 1170 2475 von
1196 2411 1363 2490 Honstem,
1393 2414 1502 2493 eignen

296 2511 364 2573 dem
389 2509 685 2590 Mariinsbospitule
710 2509 744 2573 in
761 2507 881 2588 Erfcrt
907 2510 974 2571 eine
999 2507 1090 2592 Hufe
1110 2507 1237 2572 Larodes
1256 2530 1297 2574 eu
1314 2508 1501 2588 Scbwuosee,

294 2608 404 2672 welche
433 2609 489 2671 der
513 2607 663 2689 bisberipe
689 2607 911 2687 Lebentrdger‚
946 2605 1100 2670 Heiorieli
1122 2605 1205 2670 Sero
1232 2628 1291 2672 von
1315 2603 1503 2673 Rudensiete

294 2705 464 2770 demeum
483 2706 631 2786 amicust
650 2706 720 2770 und
739 2704 940 2786 auspelcssen
957 2705 1020 2768 bac.

348 2857 745 2915 domnoniam.-

277 3001 321 3065 Jn
342 3003 473 3064 nomine
485 2999 614 3063 Domini
631 3017 732 3062 emen.
775 2997 841 3062 Nos
852 2997 1022 3075 Henricus,
1042 2997 1203 3062 Henrious
1216 3005 1246 3062 et
1263 2997 1503 3078 Theodericus),

193 3099 253 3163 Dei
274 3101 375 3182 gratia
397 3100 528 3161 comites
550 3099 588 3160 de
609 3096 787 3178 Honstoyn,
807 3097 1063 3179 recognoscimus
1085 3096 1252 3178 publiceet
1272 3099 1503 3181 omnibuspre·

192 3217 270 3262 sens
290 3198 442 3280 scriptum
462 3195 662 3259 intuentibus
686 3195 734 3257 vel
758 3193 962 3257 audientibus
987 3191 1137 3258 volumus
1160 3190 1231 3258 'esse
1259 3201 1387 3274 notum,
1419 3196 1503 3276 quod

193 3297 388 3360 constitutus
414 3296 447 3356 in
474 3295 574 3357 nostri
602 3293 763 3376 presencie
788 3298 939 3355 strenuus
966 3293 1016 3354 vir
1041 3291 1200 3356 Henrious
1230 3294 1332 3357 dictus
1359 3293 1443 3357 Saxo
1465 3295 1504 3358 de

193 3393 397 3470 Rudenstete,
418 3399 526 3456 noster
543 3390 656 3470 fidelis,
675 3393 858 3473 recognovit
875 3409 917 3454 ex
928 3395 1012 3454 certa
1024 3392 1162 3469 scientia,
1184 3411 1218 3455 se
1235 3409 1337 3454 unum
1353 3411 1503 3456 mansum

196 3500 279 3555 terre
300 3488 427 3554 erabilis
448 3491 481 3553 in
508 3491 627 3572 campis
647 3489 777 3553 chnse
798 3491 968 3568 situatum,
997 3508 1091 3573 quem
1114 3489 1245 3553 anobis
1266 3491 1299 3554 in
1320 3489 1410 3554 feodo
1432 3490 1504 3553 hec-

192 3597 290 3654 tenus
309 3587 501 3671 possedebat,
524 3589 668 3652 discretis
695 3589 771 3649 viris
792 3586 923 3648 Alberto
945 3586 983 3650 de
994 3586 1121 3666 Remde,
1143 3586 1327 3651 Hermanno
1347 3588 1386 3650 de
1402 3587 1505 3652 Smire

194 3693 227 3752 et
248 3685 412 3750 Gunthero
434 3685 516 3748 dicto
538 3685 688 3766 Herdeyn
709 3684 915 3764 deArnstete,
934 3685 1150 3768 provisoribus
1171 3705 1227 3749 seu
1249 3677 1504 3770 procuratoribus

195 3783 370 3869 hospitalis·
393 3783 493 3847 sancti
521 3782 649 3846 Martini
680 3784 764 3847 intra
794 3803 904 3846 muros
935 3781 1157 3863 Erfurdenses,
1177 3803 1233 3866 pro
1257 3790 1340 3847 certa
1371 3784 1506 3866 pecunie

196 3884 382 3967 quantitate,
403 3881 463 3944 sibi
484 3881 676 3964 integraliter
697 3880 807 3954 solute,
828 3881 887 3943 rite
909 3889 939 3942 et
959 3881 1184 3944 rationabiliter
1200 3881 1387 3958 vendidisse,
1410 3899 1504 3964 quem

195 3981 325 4064 quidem
348 3999 496 4042 mansum
515 3979 655 4062 prefatus
675 3979 759 4042 Saxo
776 3980 809 4040 in
825 3983 949 4041 nostras
966 3979 1186 4042 manuslibere
1195 3979 1375 4060 resignavit,
1395 3987 1505 4063 petens

195 4099 264 4157 nos,
283 4087 321 4141 ut
341 4078 479 4141 eundem
500 4097 648 4141 mansum
668 4077 806 4160 predicto
828 4077 973 4159 hospitali
990 4081 1162 4158 sanctoque
1178 4075 1311 4139 Martino
1330 4084 1361 4140 et
1371 4079 1437 4141 suis
1457 4079 1506 4141 in-

196 4177 309 4255 firmis,
340 4177 373 4237 in
407 4175 489 4238 dicto
516 4175 660 4258 hospitali
690 4174 909 4254 existentibus,
935 4175 1135 4262 appropriare
1161 4175 1372 4258 dignaremur.
1424 4173 1505 4238 Eius

194 4274 344 4358 precibus
353 4273 504 4352 inclinati,
527 4293 585 4336 nos
597 4275 822 4356 omnipotentis
833 4271 893 4335 Dei
904 4279 935 4336 et
946 4278 1052 4336 nostre
1064 4293 1100 4336 ac
1111 4273 1255 4336 omnium
1268 4275 1504 4357 progenitorum

193 4379 376 4435 nostrorum
409 4379 517 4434 eterne
546 4371 658 4434 salutis
677 4371 798 4434 intuitu
820 4371 977 4455 prefatum
1000 4391 1148 4434 mensum
1169 4378 1339 4434 memorato
1359 4373 1504 4456 hospitali

193 4475 304 4536 sancto
326 4468 461 4532 Martino
483 4476 514 4533 et
533 4471 601 4532 suis
623 4467 758 4532 infirmis
776 4469 923 4552 predictis
948 4470 1220 4553 appropriavirnus
1241 4477 1273 4533 et
1293 4471 1326 4534 in
1344 4471 1506 4554 proprium

194 4569 308 4632 damus
328 4569 363 4631 in
383 4567 446 4630 hiis
467 4569 600 4650 scriptis,
621 4586 714 4629 omne
734 4568 787 4631 ius
804 4573 957 4647 nochum,
974 4569 1057 4650 quod
1075 4569 1109 4630 in
1121 4569 1202 4631 dicto
1214 4587 1325 4632 manso
1335 4567 1506 4630 habuimus
