3525 5209
486 389 717 446 Urkundenbuch
736 390 785 464 der
803 390 887 447 Stcdt
904 390 1009 449 Erfurt.
1047 390 1086 449 Il.
1098 390 1185 449 Theil.
1458 395 1490 452 19

177 542 315 618 sentire,
343 541 399 605 sed
426 544 511 625 ipsos
536 542 573 605 ad
603 544 665 605 vite
693 562 750 605 sue
777 544 825 605 vel
847 542 977 606 alterius
1002 544 1159 624 ipsorum,
1188 543 1244 624 qui
1269 546 1489 625 supervixerit,

177 646 325 721 tempora
355 640 393 702 de
420 641 489 723 ipso
515 640 711 703 iusticialiter
739 640 919 703 warandare
952 646 984 703 et
1017 639 1057 703 ab
1094 641 1284 722 inpeticione
1319 642 1489 707 cuiuslibet

178 736 316 801 reddere
347 736 462 801 liberos
489 748 519 799 et
546 738 741 816 indempnes.
784 737 958 821 Postquam
985 743 1092 801 autem
1119 736 1279 801 Henricus
1307 746 1339 803 et
1357 788 1383 801 ..
1409 760 1491 805 uxor

179 855 258 914 suc,
290 842 446 919 emptores
476 836 619 919 predicti,
651 834 744 899 ambo
774 837 845 899 iura
875 837 980 899 carnis
1006 834 1213 913 exsolverint,
1244 841 1363 899 extunc
1387 838 1491 902 dictus

178 952 301 995 census
330 932 368 995 ad
400 932 550 1016 prefatam
582 934 745 997 ecelesiam
776 953 801 996 s.
821 932 927 1015 Egidii
957 932 1054 995 libere
1082 937 1266 997 revertatur.
1309 933 1350 997 Et
1377 938 1490 1018 quia..

179 1029 318 1114 plebano
349 1030 479 1093 ecclesie
511 1030 648 1113 predicte
681 1031 719 1095 de
752 1031 877 1095 duabus
908 1029 997 1093 libris
1028 1029 1146 1095 debitis
1172 1030 1210 1093 de
1238 1033 1359 1111 instita,
1394 1054 1488 1116 quarn

180 1128 315 1193 domina
343 1127 516 1191 Katlrerina
542 1134 573 1191 et
602 1128 760 1191 Hem-icus
792 1148 872 1193 suus
903 1127 989 1191 filius
1017 1128 1195 1211 possident,
1226 1135 1262 1191 ut
1290 1132 1491 1213 premittitur,

180 1246 241 1309 pro
273 1246 331 1289 sua
362 1246 471 1289 mensa
495 1226 628 1306 cedunt,
658 1228 857 1290 renunciavit
884 1226 1033 1289 dominus
1054 1224 1211 1290 Iohannes
1237 1226 1391 1309 plebanus
1422 1250 1491 1313 pre-

183 1324 290 1387 dictus
316 1325 394 1407 ipsis
410 1336 572 1371 ----โธ
598 1324 706 1388 solidis
731 1326 850 1387 intuitu
872 1324 1062 1387 venditionis
1089 1324 1240 1406 predicte,
1271 1327 1315 1389 its
1337 1326 1490 1409 videlieet,

184 1422 273 1504 quod
300 1422 481 1485 viventibus
510 1422 600 1485 dictis
626 1422 821 1505 emptoribus
850 1422 899 1487 vel
928 1422 1023 1485 altere
1048 1423 1191 1504 ipsorum
1219 1421 1278 1485 sibi
1306 1430 1371 1487 tres
1398 1425 1491 1490 solidi

183 1520 389 1583 denariorum
409 1518 666 1599 Erlordensium,
692 1527 858 1603 postquam
888 1519 998 1602 prefati
1026 1525 1181 1602 emptores
1207 1539 1303 1584 suum
1329 1526 1490 1587 consecuti

183 1617 305 1681 fuerint
324 1619 418 1681 annis
434 1617 578 1700 singulis,
597 1618 635 1681 de
652 1636 688 1681 eo
707 1618 791 1700 qnod
809 1616 984 1700 superfluit,
1002 1624 1039 1681 ut
1053 1619 1251 1700 premittitur,
1265 1621 1490 1702 persolvantur.

184 1714 253 1778 Nos
283 1717 390 1797 itaque
417 1715 457 1778 ad
484 1717 720 1798 peticionem..
743 1715 943 1778 venditorum
971 1714 1182 1798 predictorum
1210 1716 1359 1798 prefatam
1383 1720 1489 1781 vendi-

184 1815 304 1877 tionem
324 1813 521 1877 considerata
543 1814 677 1877 utilitate
697 1814 778 1875 dicte
797 1813 927 1877 ecclesie
941 1820 1041 1876 ratam
1058 1812 1218 1891 habentes,
1239 1815 1339 1897 ipsam
1357 1820 1492 1879 auctori-

183 1917 248 1975 tnte
269 1910 427 1973 ordinaria
447 1912 478 1973 in
502 1911 631 1973 nomine
647 1908 774 1973 Domini
797 1909 997 1993 presentibus
1013 1909 1246 1973 confirmamus.
1275 1910 1380 1975 Testes
1395 1914 1492 1977 huius

184 2010 228 2072 rei
251 2013 345 2071 sunt:
382 2006 575 2088 Gyselhsrus
597 2006 818 2090 Crysteninge,
841 2006 1005 2071 Conradus
1026 2008 1065 2071 de
1085 2006 1243 2086 (lethem,
1265 2008 1431 2075 Bertoldus
1454 2012 1493 2075 de

189 2106 292 2169 Gotha
311 2107 433 2185 iunior,
464 2104 619 2168 Guntnelc
652 2104 830 2185 Rabienolt,
863 2104 1070 2169 Gotschalcus
1095 2104 1256 2187 Lubelyn,
1282 2106 1491 2173 Theodericus

185 2204 224 2267 de
250 2202 383 2267 Kollede
413 2214 443 2267 et
475 2222 571 2285 quam
603 2202 710 2285 plures
741 2204 792 2265 alii
823 2202 887 2267 fide
917 2204 1014 2285 digni.
1057 2203 1094 2267 ln
1127 2224 1265 2286 quorum
1291 2207 1435 2269 omnium
1462 2213 1494 2269 et

185 2300 387 2383 singulorum
413 2302 628 2363 testimouium
665 2299 805 2382 sigillum
833 2300 1033 2363 officialitatis
1053 2307 1160 2365 nostre
1178 2301 1378 2383 presentibus
1398 2303 1492 2367 duxi-

186 2418 261 2463 mus
282 2398 514 2481 apponendum.
545 2394 661 2461 Datum
682 2417 765 2459 annu
779 2396 909 2461 Domini
925 2398 1091 2461 millesimo
1110 2400 1321 2463 tricentesimo
1343 2402 1493 2465 vicesimo

186 2500 315 2579 qirnrto,
337 2494 423 2557 vlu
444 2493 513 2557 Kal.
533 2494 661 2577 Aprilis.

288 2612 299 2639 ยน
318 2609 388 2664 Hirr
404 2610 440 2663 ist
457 2610 508 2663 dos
526 2609 583 2679 Pyt.
602 2609 793 2664 durclvldcbert.

186 2822 301 2909 1324.
330 2820 438 2903 duni
464 2820 501 2901 2.
1427 2823 1493 2908 29.

289 2953 360 3019 Das
385 2954 516 3036 Kapitel
551 2954 604 3017 aes
627 2954 860 3037 Morienstistcs
888 2956 957 3018 und
982 2956 1033 3018 die
1064 2960 1107 3019 16
1133 2956 1269 3019 Plebone
1296 2958 1352 3020 der
1379 2958 1495 3037 Plure-

291 3053 418 3117 kirchen
446 3052 479 3115 in
502 3053 619 3134 Erfurt
645 3040 813 3117 cerbindeu
835 3053 899 3115 sich
918 3073 1013 3133 yepes
1035 3053 1096 3116 den
1115 3052 1326 3117 asciverisclren
1347 3056 1494 3119 Provisor

289 3149 455 3213 Hermann
483 3170 542 3213 verr
578 3148 835 3226 Gutenshuuscn,
878 3150 1018 3227 wacta,
1058 3146 1157 3213 durch
1186 3152 1254 3214 eine
1280 3172 1375 3233 peperi
1411 3154 1495 3216 scine

289 3246 525 3328 Entscbeidunp
558 3246 720 3327 einpelepte
746 3246 919 3329 Berufunp
951 3248 1105 3328 beleidipt,
1133 3250 1179 3311 sie
1204 3250 1262 3312 mit
1286 3249 1493 3332 seindselipen

289 3344 612 3409 &tarantasmum

341 3462 385 3517 Or.
404 3462 453 3515 mii
471 3466 506 3515 31
525 3461 551 3516 S.
569 3462 607 3515 im
626 3461 662 3515 D.
675 3462 709 3515 A.

289 3564 355 3629 Nos
372 3565 529 3629 Rudclfus
545 3566 692 3643 decanus,
715 3564 878 3629 Oonredus
895 3571 1014 3639 cantor,
1033 3558 1212 3630 Hertwicus
1228 3566 1268 3630 de
1283 3566 1494 3650 Horselgowe,

187 3664 370 3729 Friderious
402 3662 441 3727 de
466 3662 699 3744 Witzeleyben,
733 3662 891 3727 Iohannes
918 3663 956 3727 de
985 3664 1071 3743 Ach,
1101 3662 1308 3729 Hermannus
1349 3665 1388 3727 de
1415 3665 1495 3728 Aloh

188 3762 348 3845 magister,
358 3760 514 3825 Emestus
536 3761 574 3825 de
589 3760 756 3823 Molhuseu
776 3768 894 3839 custos,
910 3760 1119 3825 Theodericus
1139 3762 1178 3825 de
1196 3762 1290 3843 Myle,
1307 3761 1496 3827 Ludewicus

188 3860 228 3923 de
243 3858 440 3939 liechebsch,
460 3858 611 3923 Nicolous
634 3860 673 3921 de
687 3858 907 3941 Appenheym,
926 3858 1135 3923 Theodericus
1151 3859 1315 3923 Brunonis
1339 3861 1496 3943 magister,

186 3952 396 4021 Hermannus
417 3958 456 4021 de
478 3955 717 4039 Eschenenege,
737 3954 948 4019 Theodericus
968 3957 1006 4019 de
1027 3956 1148 4037 Smyre,
1169 3956 1337 4020 Bertoldus
1358 3958 1396 4019 de
1419 3956 1495 4021 uol-

187 4058 291 4119 husen
314 4061 345 4119 et
364 4054 527 4117 Iohannes
548 4054 586 4117 de
610 4052 772 4134 Eymbeke
800 4055 944 4116 canonici
971 4053 1101 4117 ecclesie
1127 4074 1152 4119 s.
1168 4053 1267 4119 Marie
1294 4053 1495 4119 Eriordensis

190 4172 314 4217 necnon
332 4150 538 4215 Hermannus
557 4151 586 4216 S.
599 4152 734 4230 Andree,
750 4150 914 4214 Conradns
930 4150 961 4215 S.
973 4150 1121 4231 Mauritii,
1135 4152 1304 4215 Bertoldus
1317 4152 1348 4216 S.
1360 4151 1495 4237 Georgii,

188 4250 351 4314 Henricus
385 4249 416 4313 8.
441 4249 608 4328 Iohannis,
636 4248 829 4329 Gyselherus
854 4248 884 4312 S.
907 4248 1038 4328 Mathis,
1064 4249 1260 4313 Guntherus
1276 4249 1496 4326 Mercatorum,

190 4348 350 4411 Iohannes
369 4346 400 4409 8.
413 4345 533 4429 Egidii,
553 4346 761 4409 Theodericus
781 4345 812 4409 8.
825 4344 1002 4426 laurentii,
1025 4347 1212 4411 Guntherus
1233 4348 1262 4410 S.
1273 4347 1496 4424 Bartholomei,

189 4445 398 4509 Hermannus
414 4444 445 4508 S.
456 4443 582 4521 Thome,
596 4443 755 4507 Henricus
766 4443 798 4508 S.
808 4442 936 4506 Martini
947 4447 980 4507 in
992 4444 1113 4508 Plurali
1127 4452 1216 4509 extra
1230 4465 1347 4524 muros,
1361 4444 1496 4508 Iacobus

191 4542 338 4625 S..Panli,
355 4542 562 4606 Hermennus
578 4542 729 4605 Omnium
743 4542 940 4622 Sanctorum,
956 4541 1120 4605 Corradus
1130 4542 1160 4605 8.
1172 4541 1315 4622 Servatii,
1330 4542 1497 4605 Bertoldus

1258 4653 1296 4707 2*
