<?xml version="1.0" encoding="UTF-8"?>
<!DOCTYPE html PUBLIC "-//W3C//DTD XHTML 1.0 Transitional//EN"
    "http://www.w3.org/TR/xhtml1/DTD/xhtml1-transitional.dtd">
<html xmlns="http://www.w3.org/1999/xhtml" xml:lang="en" lang="en">
 <head>
  <title>
</title>
<meta http-equiv="Content-Type" content="text/html;charset=utf-8" />
  <meta name='ocr-system' content='tesseract 3.04.00' />
  <meta name='ocr-capabilities' content='ocr_page ocr_carea ocr_par ocr_line ocrx_word'/>
</head>
<body>
  <div class='ocr_page' id='page_1' title='image "./urkundenbuchder04sachgoog_0022.png"; bbox 0 0 3525 5209; ppageno 0'>
   <div class='ocr_carea' id='block_1_1' title="bbox 472 388 1477 449">
    <p class='ocr_par' dir='ltr' id='par_1_1' title="bbox 472 388 1477 449">
     <span class='ocr_line' id='line_1_1' title="bbox 472 388 1477 449; baseline 0.003 -6"><span class='ocrx_word' id='word_1_1' title='bbox 472 388 701 444; x_wconf 82' lang='lat' dir='ltr'>Urlrundenhnch</span> <span class='ocrx_word' id='word_1_2' title='bbox 720 388 768 443; x_wconf 90' lang='lat' dir='ltr'>der</span> <span class='ocrx_word' id='word_1_3' title='bbox 787 390 872 445; x_wconf 79' lang='lat' dir='ltr'>stadt</span> <span class='ocrx_word' id='word_1_4' title='bbox 890 390 996 449; x_wconf 84' lang='lat' dir='ltr'>Erfurt.</span> <span class='ocrx_word' id='word_1_5' title='bbox 1034 390 1072 448; x_wconf 87' lang='lat' dir='ltr'>II.</span> <span class='ocrx_word' id='word_1_6' title='bbox 1085 390 1172 449; x_wconf 73' lang='lat' dir='ltr'>their.</span> <span class='ocrx_word' id='word_1_7' title='bbox 1458 393 1477 446; x_wconf 79' lang='grc'>9</span> 
     </span>
    </p>
   </div>
   <div class='ocr_carea' id='block_1_2' title="bbox 123 533 1480 4047">
    <p class='ocr_par' dir='ltr' id='par_1_2' title="bbox 123 533 1480 4047">
     <span class='ocr_line' id='line_1_2' title="bbox 156 533 1474 622; baseline 0.002 -19"><span class='ocrx_word' id='word_1_8' title='bbox 156 540 277 603; x_wconf 89' lang='lat' dir='ltr'>habuit</span> <span class='ocrx_word' id='word_1_9' title='bbox 308 559 363 622; x_wconf 91' lang='lat' dir='ltr'>pro</span> <span class='ocrx_word' id='word_1_10' title='bbox 391 558 490 605; x_wconf 89' lang='lat' dir='ltr'>censu</span> <span class='ocrx_word' id='word_1_11' title='bbox 511 559 619 603; x_wconf 88' lang='lat' dir='ltr'>annuo</span> <span class='ocrx_word' id='word_1_12' title='bbox 640 560 658 603; x_wconf 90' lang='lat' dir='ltr'>a</span> <span class='ocrx_word' id='word_1_13' title='bbox 680 541 807 605; x_wconf 90' lang='lat' dir='ltr'>domino</span> <span class='ocrx_word' id='word_1_14' title='bbox 830 540 984 605; x_wconf 86' lang='lat' dir='ltr'>Reinoldo</span> <span class='ocrx_word' id='word_1_15' title='bbox 1006 533 1177 619; x_wconf 72' lang='lat' dir='ltr'>secerdote,</span> <span class='ocrx_word' id='word_1_16' title='bbox 1204 544 1322 606; x_wconf 81' lang='lat' dir='ltr'>vicario</span> <span class='ocrx_word' id='word_1_17' title='bbox 1344 542 1474 606; x_wconf 84' lang='lat' dir='ltr'>ecclesie</span> 
     </span>
     <span class='ocr_line' id='line_1_3' title="bbox 156 636 1477 721; baseline 0 -18"><span class='ocrx_word' id='word_1_18' title='bbox 156 660 183 703; x_wconf 89' lang='lat' dir='ltr'>s.</span> <span class='ocrx_word' id='word_1_19' title='bbox 209 638 318 721; x_wconf 80' lang='lat' dir='ltr'>Egidii</span> <span class='ocrx_word' id='word_1_20' title='bbox 344 639 379 701; x_wconf 93' lang='lat' dir='ltr'>in</span> <span class='ocrx_word' id='word_1_21' title='bbox 400 636 557 716; x_wconf 58' lang='lat' dir='ltr'>Erfurdia</span> <span class='ocrx_word' id='word_1_22' title='bbox 584 656 733 721; x_wconf 80' lang='lat' dir='ltr'>reponere</span> <span class='ocrx_word' id='word_1_23' title='bbox 761 638 856 701; x_wconf 89' lang='lat' dir='ltr'>simul</span> <span class='ocrx_word' id='word_1_24' title='bbox 884 640 919 701; x_wconf 91' lang='lat' dir='ltr'>in</span> <span class='ocrx_word' id='word_1_25' title='bbox 948 658 1048 702; x_wconf 90' lang='lat' dir='ltr'>unum</span> <span class='ocrx_word' id='word_1_26' title='bbox 1076 639 1195 718; x_wconf 81' lang='lat' dir='ltr'>locum,</span> <span class='ocrx_word' id='word_1_27' title='bbox 1224 660 1284 705; x_wconf 90' lang='lat' dir='ltr'>nec</span> <span class='ocrx_word' id='word_1_28' title='bbox 1310 640 1403 703; x_wconf 90' lang='lat' dir='ltr'>debet</span> <span class='ocrx_word' id='word_1_29' title='bbox 1423 659 1477 703; x_wconf 90' lang='lat' dir='ltr'>eos</span> 
     </span>
     <span class='ocr_line' id='line_1_4' title="bbox 157 734 1476 823; baseline 0.002 -26"><span class='ocrx_word' id='word_1_30' title='bbox 157 736 345 819; x_wconf 83' lang='lat' dir='ltr'>dispergere</span> <span class='ocrx_word' id='word_1_31' title='bbox 384 754 441 799; x_wconf 89' lang='lat' dir='ltr'>seu</span> <span class='ocrx_word' id='word_1_32' title='bbox 476 734 628 819; x_wconf 80' lang='lat' dir='ltr'>dissipem</span> <span class='ocrx_word' id='word_1_33' title='bbox 665 755 794 818; x_wconf 89' lang='lat' dir='ltr'>quoquo</span> <span class='ocrx_word' id='word_1_34' title='bbox 833 736 939 823; x_wconf 61' lang='lat' dir='ltr'>modo„</span> <span class='ocrx_word' id='word_1_35' title='bbox 976 738 1037 800; x_wconf 92' lang='lat' dir='ltr'>nisi</span> <span class='ocrx_word' id='word_1_36' title='bbox 1069 738 1158 817; x_wconf 91' lang='lat' dir='ltr'>prius</span> <span class='ocrx_word' id='word_1_37' title='bbox 1190 738 1310 802; x_wconf 83' lang='lat' dir='ltr'>dederit</span> <span class='ocrx_word' id='word_1_38' title='bbox 1338 737 1476 819; x_wconf 88' lang='lat' dir='ltr'>predicto</span> 
     </span>
     <span class='ocr_line' id='line_1_5' title="bbox 157 832 1477 900; baseline 0.002 -5"><span class='ocrx_word' id='word_1_39' title='bbox 157 833 296 897; x_wconf 89' lang='lat' dir='ltr'>domino</span> <span class='ocrx_word' id='word_1_40' title='bbox 326 832 479 897; x_wconf 83' lang='lat' dir='ltr'>Reinoldo</span> <span class='ocrx_word' id='word_1_41' title='bbox 512 832 575 895; x_wconf 90' lang='lat' dir='ltr'>duo</span> <span class='ocrx_word' id='word_1_42' title='bbox 609 833 730 897; x_wconf 89' lang='lat' dir='ltr'>maldra</span> <span class='ocrx_word' id='word_1_43' title='bbox 759 833 833 897; x_wconf 91' lang='lat' dir='ltr'>boni</span> <span class='ocrx_word' id='word_1_44' title='bbox 862 834 1014 897; x_wconf 87' lang='lat' dir='ltr'>frumeuti</span> <span class='ocrx_word' id='word_1_45' title='bbox 1039 832 1183 899; x_wconf 80' lang='lat' dir='ltr'>hiemalis</span> <span class='ocrx_word' id='word_1_46' title='bbox 1209 842 1240 900; x_wconf 92' lang='lat' dir='ltr'>et</span> <span class='ocrx_word' id='word_1_47' title='bbox 1265 836 1329 899; x_wconf 90' lang='lat' dir='ltr'>duo</span> <span class='ocrx_word' id='word_1_48' title='bbox 1356 835 1477 898; x_wconf 83' lang='lat' dir='ltr'>maldra</span> 
     </span>
     <span class='ocr_line' id='line_1_6' title="bbox 157 930 1477 1016; baseline 0.001 -21"><span class='ocrx_word' id='word_1_49' title='bbox 157 932 252 995; x_wconf 89' lang='lat' dir='ltr'>ordei</span> <span class='ocrx_word' id='word_1_50' title='bbox 284 950 340 1015; x_wconf 92' lang='lat' dir='ltr'>pro</span> <span class='ocrx_word' id='word_1_51' title='bbox 372 950 471 995; x_wconf 86' lang='lat' dir='ltr'>censu</span> <span class='ocrx_word' id='word_1_52' title='bbox 501 932 609 994; x_wconf 88' lang='lat' dir='ltr'>futuro</span> <span class='ocrx_word' id='word_1_53' title='bbox 641 932 673 994; x_wconf 95' lang='lat' dir='ltr'>in</span> <span class='ocrx_word' id='word_1_54' title='bbox 707 930 785 995; x_wconf 89' lang='lat' dir='ltr'>festo</span> <span class='ocrx_word' id='word_1_55' title='bbox 815 930 896 993; x_wconf 85' lang='lat' dir='ltr'>beati</span> <span class='ocrx_word' id='word_1_56' title='bbox 923 930 1085 994; x_wconf 80' lang='lat' dir='ltr'>Michaelis</span> <span class='ocrx_word' id='word_1_57' title='bbox 1115 932 1228 997; x_wconf 90' lang='lat' dir='ltr'>dando.</span> <span class='ocrx_word' id='word_1_58' title='bbox 1279 933 1321 996; x_wconf 83' lang='lat' dir='ltr'>Et</span> <span class='ocrx_word' id='word_1_59' title='bbox 1351 934 1378 996; x_wconf 93' lang='lat' dir='ltr'>si</span> <span class='ocrx_word' id='word_1_60' title='bbox 1408 933 1477 1016; x_wconf 90' lang='lat' dir='ltr'>ipse</span> 
     </span>
     <span class='ocr_line' id='line_1_7' title="bbox 157 1027 1477 1112; baseline 0.001 -19"><span class='ocrx_word' id='word_1_61' title='bbox 157 1029 377 1093; x_wconf 82' lang='lat' dir='ltr'>Theodericus</span> <span class='ocrx_word' id='word_1_62' title='bbox 398 1027 539 1093; x_wconf 86' lang='lat' dir='ltr'>vendidit</span> <span class='ocrx_word' id='word_1_63' title='bbox 560 1028 683 1110; x_wconf 87' lang='lat' dir='ltr'>nliquos</span> <span class='ocrx_word' id='word_1_64' title='bbox 704 1048 795 1111; x_wconf 88' lang='lat' dir='ltr'>agros</span> <span class='ocrx_word' id='word_1_65' title='bbox 817 1046 856 1091; x_wconf 85' lang='lat' dir='ltr'>ex</span> <span class='ocrx_word' id='word_1_66' title='bbox 877 1028 1016 1111; x_wconf 88' lang='lat' dir='ltr'>predicto</span> <span class='ocrx_word' id='word_1_67' title='bbox 1038 1049 1159 1109; x_wconf 86' lang='lat' dir='ltr'>manso,</span> <span class='ocrx_word' id='word_1_68' title='bbox 1180 1028 1272 1093; x_wconf 90' lang='lat' dir='ltr'>debet</span> <span class='ocrx_word' id='word_1_69' title='bbox 1291 1029 1370 1095; x_wconf 85' lang='lat' dir='ltr'>elios</span> <span class='ocrx_word' id='word_1_70' title='bbox 1395 1049 1477 1112; x_wconf 87' lang='lat' dir='ltr'>eque</span> 
     </span>
     <span class='ocr_line' id='line_1_8' title="bbox 159 1118 1476 1211; baseline 0.002 -22"><span class='ocrx_word' id='word_1_71' title='bbox 159 1128 267 1193; x_wconf 90' lang='lat' dir='ltr'>bonos</span> <span class='ocrx_word' id='word_1_72' title='bbox 287 1127 412 1190; x_wconf 89' lang='lat' dir='ltr'>fructus</span> <span class='ocrx_word' id='word_1_73' title='bbox 433 1125 585 1190; x_wconf 88' lang='lat' dir='ltr'>habentes</span> <span class='ocrx_word' id='word_1_74' title='bbox 609 1118 759 1210; x_wconf 87' lang='lat' dir='ltr'>reponere</span> <span class='ocrx_word' id='word_1_75' title='bbox 781 1126 818 1189; x_wconf 92' lang='lat' dir='ltr'>de</span> <span class='ocrx_word' id='word_1_76' title='bbox 840 1126 911 1189; x_wconf 88' lang='lat' dir='ltr'>aliis</span> <span class='ocrx_word' id='word_1_77' title='bbox 932 1125 1023 1190; x_wconf 88' lang='lat' dir='ltr'>bonis</span> <span class='ocrx_word' id='word_1_78' title='bbox 1044 1126 1124 1199; x_wconf 89' lang='lat' dir='ltr'>suis,</span> <span class='ocrx_word' id='word_1_79' title='bbox 1146 1132 1182 1191; x_wconf 93' lang='lat' dir='ltr'>ut</span> <span class='ocrx_word' id='word_1_80' title='bbox 1203 1127 1309 1191; x_wconf 92' lang='lat' dir='ltr'>locum</span> <span class='ocrx_word' id='word_1_81' title='bbox 1325 1147 1476 1211; x_wconf 84' lang='lat' dir='ltr'>agrorum</span> 
     </span>
     <span class='ocr_line' id='line_1_9' title="bbox 161 1222 1476 1309; baseline -0.002 -20"><span class='ocrx_word' id='word_1_82' title='bbox 161 1225 337 1309; x_wconf 83' lang='lat' dir='ltr'>suppleant</span> <span class='ocrx_word' id='word_1_83' title='bbox 355 1224 565 1287; x_wconf 87' lang='lat' dir='ltr'>venditorum.</span> <span class='ocrx_word' id='word_1_84' title='bbox 607 1223 742 1307; x_wconf 87' lang='lat' dir='ltr'>Insuper</span> <span class='ocrx_word' id='word_1_85' title='bbox 757 1222 916 1307; x_wconf 89' lang='lat' dir='ltr'>predictus</span> <span class='ocrx_word' id='word_1_86' title='bbox 930 1222 982 1285; x_wconf 85' lang='lat' dir='ltr'>Th.</span> <span class='ocrx_word' id='word_1_87' title='bbox 994 1225 1148 1305; x_wconf 85' lang='lat' dir='ltr'>promisit,</span> <span class='ocrx_word' id='word_1_88' title='bbox 1165 1224 1250 1308; x_wconf 93' lang='lat' dir='ltr'>quod</span> <span class='ocrx_word' id='word_1_89' title='bbox 1268 1244 1323 1307; x_wconf 90' lang='lat' dir='ltr'>pro</span> <span class='ocrx_word' id='word_1_90' title='bbox 1335 1225 1476 1307; x_wconf 86' lang='lat' dir='ltr'>neglecto</span> 
     </span>
     <span class='ocr_line' id='line_1_10' title="bbox 159 1321 1477 1405; baseline 0 -19"><span class='ocrx_word' id='word_1_91' title='bbox 159 1342 279 1403; x_wconf 85' lang='lat' dir='ltr'>censu,</span> <span class='ocrx_word' id='word_1_92' title='bbox 310 1321 453 1386; x_wconf 88' lang='lat' dir='ltr'>videlicet</span> <span class='ocrx_word' id='word_1_93' title='bbox 481 1342 537 1404; x_wconf 91' lang='lat' dir='ltr'>pro</span> <span class='ocrx_word' id='word_1_94' title='bbox 565 1328 684 1405; x_wconf 89' lang='lat' dir='ltr'>septem</span> <span class='ocrx_word' id='word_1_95' title='bbox 707 1328 737 1385; x_wconf 91' lang='lat' dir='ltr'>et</span> <span class='ocrx_word' id='word_1_96' title='bbox 759 1322 888 1385; x_wconf 89' lang='lat' dir='ltr'>dimidio</span> <span class='ocrx_word' id='word_1_97' title='bbox 909 1321 1029 1385; x_wconf 83' lang='lat' dir='ltr'>maldro</span> <span class='ocrx_word' id='word_1_98' title='bbox 1049 1321 1202 1387; x_wconf 86' lang='lat' dir='ltr'>frumenti</span> <span class='ocrx_word' id='word_1_99' title='bbox 1222 1329 1254 1386; x_wconf 91' lang='lat' dir='ltr'>et</span> <span class='ocrx_word' id='word_1_100' title='bbox 1274 1323 1375 1398; x_wconf 74' lang='lat' dir='ltr'>ordei,</span> <span class='ocrx_word' id='word_1_101' title='bbox 1401 1322 1477 1386; x_wconf 85' lang='lat' dir='ltr'>velit</span> 
     </span>
     <span class='ocr_line' id='line_1_11' title="bbox 160 1418 1476 1503; baseline 0 -20"><span class='ocrx_word' id='word_1_102' title='bbox 160 1421 240 1484; x_wconf 88' lang='lat' dir='ltr'>dare</span> <span class='ocrx_word' id='word_1_103' title='bbox 272 1420 411 1503; x_wconf 90' lang='lat' dir='ltr'>predicto</span> <span class='ocrx_word' id='word_1_104' title='bbox 443 1419 570 1483; x_wconf 90' lang='lat' dir='ltr'>domino</span> <span class='ocrx_word' id='word_1_105' title='bbox 604 1418 756 1483; x_wconf 87' lang='lat' dir='ltr'>Reinoldo</span> <span class='ocrx_word' id='word_1_106' title='bbox 784 1418 833 1483; x_wconf 88' lang='lat' dir='ltr'>vel</span> <span class='ocrx_word' id='word_1_107' title='bbox 865 1438 923 1483; x_wconf 89' lang='lat' dir='ltr'>suu</span> <span class='ocrx_word' id='word_1_108' title='bbox 955 1422 1128 1484; x_wconf 85' lang='lat' dir='ltr'>successori</span> <span class='ocrx_word' id='word_1_109' title='bbox 1160 1422 1195 1483; x_wconf 91' lang='lat' dir='ltr'>in</span> <span class='ocrx_word' id='word_1_110' title='bbox 1227 1421 1344 1483; x_wconf 81' lang='lat' dir='ltr'>vicaria</span> <span class='ocrx_word' id='word_1_111' title='bbox 1374 1440 1476 1484; x_wconf 89' lang='lat' dir='ltr'>unum</span> 
     </span>
     <span class='ocr_line' id='line_1_12' title="bbox 163 1517 1477 1582; baseline 0 -1"><span class='ocrx_word' id='word_1_112' title='bbox 163 1518 326 1581; x_wconf 85' lang='lat' dir='ltr'>maldrum</span> <span class='ocrx_word' id='word_1_113' title='bbox 356 1517 506 1581; x_wconf 80' lang='lat' dir='ltr'>frumenti</span> <span class='ocrx_word' id='word_1_114' title='bbox 535 1524 566 1580; x_wconf 89' lang='lat' dir='ltr'>et</span> <span class='ocrx_word' id='word_1_115' title='bbox 594 1518 680 1580; x_wconf 90' lang='lat' dir='ltr'>ordei</span> <span class='ocrx_word' id='word_1_116' title='bbox 706 1536 821 1581; x_wconf 89' lang='lat' dir='ltr'>census</span> <span class='ocrx_word' id='word_1_117' title='bbox 847 1519 948 1581; x_wconf 91' lang='lat' dir='ltr'>annui</span> <span class='ocrx_word' id='word_1_118' title='bbox 977 1518 1008 1580; x_wconf 94' lang='lat' dir='ltr'>in</span> <span class='ocrx_word' id='word_1_119' title='bbox 1031 1517 1110 1581; x_wconf 90' lang='lat' dir='ltr'>festo</span> <span class='ocrx_word' id='word_1_120' title='bbox 1132 1518 1212 1582; x_wconf 91' lang='lat' dir='ltr'>beati</span> <span class='ocrx_word' id='word_1_121' title='bbox 1235 1518 1418 1581; x_wconf 85' lang='lat' dir='ltr'>Michahelis</span> <span class='ocrx_word' id='word_1_122' title='bbox 1439 1518 1477 1581; x_wconf 92' lang='lat' dir='ltr'>dc</span> 
     </span>
     <span class='ocr_line' id='line_1_13' title="bbox 163 1614 1477 1697; baseline 0 -20"><span class='ocrx_word' id='word_1_123' title='bbox 163 1615 299 1679; x_wconf 89' lang='lat' dir='ltr'>dimidio</span> <span class='ocrx_word' id='word_1_124' title='bbox 333 1634 458 1694; x_wconf 83' lang='lat' dir='ltr'>mensu,</span> <span class='ocrx_word' id='word_1_125' title='bbox 486 1634 580 1697; x_wconf 91' lang='lat' dir='ltr'>quem</span> <span class='ocrx_word' id='word_1_126' title='bbox 608 1616 640 1679; x_wconf 91' lang='lat' dir='ltr'>in</span> <span class='ocrx_word' id='word_1_127' title='bbox 663 1614 753 1678; x_wconf 89' lang='lat' dir='ltr'>feudo</span> <span class='ocrx_word' id='word_1_128' title='bbox 777 1620 863 1679; x_wconf 89' lang='lat' dir='ltr'>tenet</span> <span class='ocrx_word' id='word_1_129' title='bbox 890 1635 909 1677; x_wconf 89' lang='lat' dir='ltr'>a</span> <span class='ocrx_word' id='word_1_130' title='bbox 934 1615 1062 1679; x_wconf 91' lang='lat' dir='ltr'>domino</span> <span class='ocrx_word' id='word_1_131' title='bbox 1090 1614 1229 1697; x_wconf 85' lang='lat' dir='ltr'>Hugone</span> <span class='ocrx_word' id='word_1_132' title='bbox 1257 1616 1296 1679; x_wconf 94' lang='lat' dir='ltr'>de</span> <span class='ocrx_word' id='word_1_133' title='bbox 1324 1614 1477 1679; x_wconf 89' lang='lat' dir='ltr'>Hervers-</span> 
     </span>
     <span class='ocr_line' id='line_1_14' title="bbox 168 1710 1475 1796; baseline -0.002 -19"><span class='ocrx_word' id='word_1_134' title='bbox 168 1715 282 1793; x_wconf 82' lang='lat' dir='ltr'>leibin‚</span> <span class='ocrx_word' id='word_1_135' title='bbox 323 1720 387 1777; x_wconf 88' lang='lat' dir='ltr'>tam</span> <span class='ocrx_word' id='word_1_136' title='bbox 419 1713 492 1791; x_wconf 83' lang='lat' dir='ltr'>diu,</span> <span class='ocrx_word' id='word_1_137' title='bbox 524 1731 692 1796; x_wconf 88' lang='lat' dir='ltr'>quousque</span> <span class='ocrx_word' id='word_1_138' title='bbox 720 1711 804 1775; x_wconf 90' lang='lat' dir='ltr'>idem</span> <span class='ocrx_word' id='word_1_139' title='bbox 826 1710 1046 1790; x_wconf 73' lang='lat' dir='ltr'>&#39;Theodericus</span> <span class='ocrx_word' id='word_1_140' title='bbox 1078 1712 1263 1776; x_wconf 91' lang='lat' dir='ltr'>huiusmodi</span> <span class='ocrx_word' id='word_1_141' title='bbox 1293 1712 1475 1795; x_wconf 87' lang='lat' dir='ltr'>pensionem</span> 
     </span>
     <span class='ocr_line' id='line_1_15' title="bbox 164 1808 1475 1892; baseline -0.002 -17"><span class='ocrx_word' id='word_1_142' title='bbox 164 1817 288 1875; x_wconf 80' lang='lat' dir='ltr'>reemat</span> <span class='ocrx_word' id='word_1_143' title='bbox 321 1830 376 1892; x_wconf 88' lang='lat' dir='ltr'>pro</span> <span class='ocrx_word' id='word_1_144' title='bbox 412 1809 560 1874; x_wconf 81' lang='lat' dir='ltr'>undecim</span> <span class='ocrx_word' id='word_1_145' title='bbox 591 1810 717 1873; x_wconf 84' lang='lat' dir='ltr'>talentis</span> <span class='ocrx_word' id='word_1_146' title='bbox 747 1809 948 1874; x_wconf 90' lang='lat' dir='ltr'>denariorum</span> <span class='ocrx_word' id='word_1_147' title='bbox 981 1808 1227 1875; x_wconf 79' lang='lat' dir='ltr'>Edordensium.</span> <span class='ocrx_word' id='word_1_148' title='bbox 1283 1808 1326 1873; x_wconf 83' lang='lat' dir='ltr'>Et</span> <span class='ocrx_word' id='word_1_149' title='bbox 1353 1811 1381 1873; x_wconf 90' lang='lat' dir='ltr'>si</span> <span class='ocrx_word' id='word_1_150' title='bbox 1412 1830 1475 1873; x_wconf 90' lang='lat' dir='ltr'>nou</span> 
     </span>
     <span class='ocr_line' id='line_1_16' title="bbox 163 1899 1477 1991; baseline -0.002 -18"><span class='ocrx_word' id='word_1_151' title='bbox 163 1910 263 1973; x_wconf 89' lang='lat' dir='ltr'>simul</span> <span class='ocrx_word' id='word_1_152' title='bbox 293 1914 394 1991; x_wconf 89' lang='lat' dir='ltr'>potest</span> <span class='ocrx_word' id='word_1_153' title='bbox 422 1899 560 1971; x_wconf 89' lang='lat' dir='ltr'>reemere</span> <span class='ocrx_word' id='word_1_154' title='bbox 590 1906 705 1970; x_wconf 88' lang='lat' dir='ltr'>dictam</span> <span class='ocrx_word' id='word_1_155' title='bbox 733 1909 918 1989; x_wconf 86' lang='lat' dir='ltr'>pensionem</span> <span class='ocrx_word' id='word_1_156' title='bbox 945 1912 1059 1986; x_wconf 84' lang='lat' dir='ltr'>totam,</span> <span class='ocrx_word' id='word_1_157' title='bbox 1088 1907 1148 1971; x_wconf 91' lang='lat' dir='ltr'>sibi</span> <span class='ocrx_word' id='word_1_158' title='bbox 1173 1907 1246 1971; x_wconf 85' lang='lat' dir='ltr'>datu</span> <span class='ocrx_word' id='word_1_159' title='bbox 1274 1913 1322 1971; x_wconf 90' lang='lat' dir='ltr'>est</span> <span class='ocrx_word' id='word_1_160' title='bbox 1343 1907 1477 1971; x_wconf 74' lang='lat' dir='ltr'>facultas</span> 
     </span>
     <span class='ocr_line' id='line_1_17' title="bbox 166 2003 1479 2091; baseline -0.002 -20"><span class='ocrx_word' id='word_1_161' title='bbox 166 2014 288 2091; x_wconf 83' lang='lat' dir='ltr'>purtem</span> <span class='ocrx_word' id='word_1_162' title='bbox 304 2006 438 2070; x_wconf 89' lang='lat' dir='ltr'>mediam</span> <span class='ocrx_word' id='word_1_163' title='bbox 457 2006 618 2069; x_wconf 87' lang='lat' dir='ltr'>etiterum</span> <span class='ocrx_word' id='word_1_164' title='bbox 639 2010 758 2089; x_wconf 82' lang='lat' dir='ltr'>partem</span> <span class='ocrx_word' id='word_1_165' title='bbox 775 2004 922 2084; x_wconf 85' lang='lat' dir='ltr'>mediam,</span> <span class='ocrx_word' id='word_1_166' title='bbox 936 2023 1010 2068; x_wconf 91' lang='lat' dir='ltr'>cum</span> <span class='ocrx_word' id='word_1_167' title='bbox 1025 2006 1149 2088; x_wconf 77' lang='lat' dir='ltr'>poterit,</span> <span class='ocrx_word' id='word_1_168' title='bbox 1164 2005 1333 2069; x_wconf 89' lang='lat' dir='ltr'>reemendi.</span> <span class='ocrx_word' id='word_1_169' title='bbox 1375 2003 1479 2069; x_wconf 83' lang='lat' dir='ltr'>Debet</span> 
     </span>
     <span class='ocr_line' id='line_1_18' title="bbox 166 2100 1478 2189; baseline -0.001 -21"><span class='ocrx_word' id='word_1_170' title='bbox 166 2123 298 2189; x_wconf 89' lang='lat' dir='ltr'>quoque</span> <span class='ocrx_word' id='word_1_171' title='bbox 320 2104 496 2187; x_wconf 86' lang='lat' dir='ltr'>sepedictus</span> <span class='ocrx_word' id='word_1_172' title='bbox 516 2100 734 2180; x_wconf 75' lang='lat' dir='ltr'>Theodericus,</span> <span class='ocrx_word' id='word_1_173' title='bbox 756 2102 1012 2185; x_wconf 86' lang='lat' dir='ltr'>quandocunque</span> <span class='ocrx_word' id='word_1_174' title='bbox 1032 2102 1129 2167; x_wconf 87' lang='lat' dir='ltr'>fuerit</span> <span class='ocrx_word' id='word_1_175' title='bbox 1145 2104 1478 2185; x_wconf 87' lang='lat' dir='ltr'>monitus‚.resignare</span> 
     </span>
     <span class='ocr_line' id='line_1_19' title="bbox 165 2198 1479 2283; baseline -0.001 -17"><span class='ocrx_word' id='word_1_176' title='bbox 165 2204 297 2267; x_wconf 89' lang='lat' dir='ltr'>domino</span> <span class='ocrx_word' id='word_1_177' title='bbox 317 2201 447 2283; x_wconf 92' lang='lat' dir='ltr'>Hugoni</span> <span class='ocrx_word' id='word_1_178' title='bbox 470 2200 587 2283; x_wconf 82' lang='lat' dir='ltr'>prefato</span> <span class='ocrx_word' id='word_1_179' title='bbox 609 2200 712 2282; x_wconf 89' lang='lat' dir='ltr'>ipsum</span> <span class='ocrx_word' id='word_1_180' title='bbox 735 2198 903 2262; x_wconf 92' lang='lat' dir='ltr'>dimidium</span> <span class='ocrx_word' id='word_1_181' title='bbox 924 2219 1071 2263; x_wconf 89' lang='lat' dir='ltr'>mansum</span> <span class='ocrx_word' id='word_1_182' title='bbox 1095 2207 1127 2264; x_wconf 92' lang='lat' dir='ltr'>et</span> <span class='ocrx_word' id='word_1_183' title='bbox 1146 2221 1266 2283; x_wconf 83' lang='lat' dir='ltr'>rogare,</span> <span class='ocrx_word' id='word_1_184' title='bbox 1287 2207 1323 2265; x_wconf 92' lang='lat' dir='ltr'>ut</span> <span class='ocrx_word' id='word_1_185' title='bbox 1340 2202 1479 2265; x_wconf 90' lang='lat' dir='ltr'>conferat</span> 
     </span>
     <span class='ocr_line' id='line_1_20' title="bbox 165 2295 1478 2375; baseline -0.002 -11"><span class='ocrx_word' id='word_1_186' title='bbox 165 2321 241 2365; x_wconf 86' lang='lat' dir='ltr'>eum</span> <span class='ocrx_word' id='word_1_187' title='bbox 263 2298 410 2363; x_wconf 88' lang='lat' dir='ltr'>Bertoldo</span> <span class='ocrx_word' id='word_1_188' title='bbox 431 2298 470 2361; x_wconf 92' lang='lat' dir='ltr'>de</span> <span class='ocrx_word' id='word_1_189' title='bbox 492 2297 594 2362; x_wconf 79' lang='lat' dir='ltr'>(lotha</span> <span class='ocrx_word' id='word_1_190' title='bbox 614 2296 740 2375; x_wconf 84' lang='lat' dir='ltr'>iuniori,</span> <span class='ocrx_word' id='word_1_191' title='bbox 761 2296 821 2359; x_wconf 88' lang='lat' dir='ltr'>civi</span> <span class='ocrx_word' id='word_1_192' title='bbox 843 2295 1037 2375; x_wconf 83' lang='lat' dir='ltr'>Erfurdensi‚</span> <span class='ocrx_word' id='word_1_193' title='bbox 1058 2304 1095 2361; x_wconf 92' lang='lat' dir='ltr'>ut</span> <span class='ocrx_word' id='word_1_194' title='bbox 1110 2298 1198 2362; x_wconf 86' lang='lat' dir='ltr'>alteri</span> <span class='ocrx_word' id='word_1_195' title='bbox 1217 2300 1279 2363; x_wconf 84' lang='lat' dir='ltr'>civi</span> <span class='ocrx_word' id='word_1_196' title='bbox 1295 2298 1478 2363; x_wconf 83' lang='lat' dir='ltr'>Erfordensi</span> 
     </span>
     <span class='ocr_line' id='line_1_21' title="bbox 166 2392 1477 2480; baseline -0.002 -19"><span class='ocrx_word' id='word_1_197' title='bbox 166 2400 352 2480; x_wconf 90' lang='lat' dir='ltr'>cuicunque</span> <span class='ocrx_word' id='word_1_198' title='bbox 383 2396 450 2479; x_wconf 91' lang='lat' dir='ltr'>ipse</span> <span class='ocrx_word' id='word_1_199' title='bbox 481 2396 630 2459; x_wconf 88' lang='lat' dir='ltr'>dominus</span> <span class='ocrx_word' id='word_1_200' title='bbox 664 2392 838 2459; x_wconf 86' lang='lat' dir='ltr'>Reinoldns</span> <span class='ocrx_word' id='word_1_201' title='bbox 867 2394 1027 2477; x_wconf 90' lang='lat' dir='ltr'>predictus</span> <span class='ocrx_word' id='word_1_202' title='bbox 1057 2398 1213 2479; x_wconf 84' lang='lat' dir='ltr'>rogaverit</span> <span class='ocrx_word' id='word_1_203' title='bbox 1242 2396 1477 2461; x_wconf 89' lang='lat' dir='ltr'>conferendum.</span> 
     </span>
     <span class='ocr_line' id='line_1_22' title="bbox 167 2492 1477 2581; baseline -0.002 -20"><span class='ocrx_word' id='word_1_204' title='bbox 167 2496 229 2561; x_wconf 88' lang='lat' dir='ltr'>Sed</span> <span class='ocrx_word' id='word_1_205' title='bbox 251 2501 421 2581; x_wconf 83' lang='lat' dir='ltr'>postquem</span> <span class='ocrx_word' id='word_1_206' title='bbox 437 2494 521 2557; x_wconf 91' lang='lat' dir='ltr'>idem</span> <span class='ocrx_word' id='word_1_207' title='bbox 537 2492 746 2557; x_wconf 88' lang='lat' dir='ltr'>Theodericus</span> <span class='ocrx_word' id='word_1_208' title='bbox 761 2497 956 2575; x_wconf 69' lang='lat' dir='ltr'>prenotatam</span> <span class='ocrx_word' id='word_1_209' title='bbox 974 2494 1158 2576; x_wconf 86' lang='lat' dir='ltr'>pensionem</span> <span class='ocrx_word' id='word_1_210' title='bbox 1172 2494 1307 2559; x_wconf 87' lang='lat' dir='ltr'>totaliter</span> <span class='ocrx_word' id='word_1_211' title='bbox 1321 2495 1477 2572; x_wconf 77' lang='lat' dir='ltr'>reemedt,</span> 
     </span>
     <span class='ocr_line' id='line_1_23' title="bbox 123 2582 1478 2675; baseline -0.001 -18"><span class='ocrx_word' id='word_1_212' title='bbox 123 2582 130 2593; x_wconf 69' lang='grc'><strong>’</strong></span> <span class='ocrx_word' id='word_1_213' title='bbox 169 2596 285 2659; x_wconf 91' lang='lat' dir='ltr'>iterum</span> <span class='ocrx_word' id='word_1_214' title='bbox 318 2592 409 2657; x_wconf 89' lang='lat' dir='ltr'>debet</span> <span class='ocrx_word' id='word_1_215' title='bbox 440 2592 577 2675; x_wconf 87' lang='lat' dir='ltr'>recipere</span> <span class='ocrx_word' id='word_1_216' title='bbox 609 2592 642 2653; x_wconf 93' lang='lat' dir='ltr'>in</span> <span class='ocrx_word' id='word_1_217' title='bbox 671 2590 762 2653; x_wconf 89' lang='lat' dir='ltr'>feodo</span> <span class='ocrx_word' id='word_1_218' title='bbox 793 2590 913 2653; x_wconf 90' lang='lat' dir='ltr'>dictum</span> <span class='ocrx_word' id='word_1_219' title='bbox 940 2590 1106 2654; x_wconf 85' lang='lat' dir='ltr'>dimidium</span> <span class='ocrx_word' id='word_1_220' title='bbox 1133 2612 1282 2656; x_wconf 91' lang='lat' dir='ltr'>mansum</span> <span class='ocrx_word' id='word_1_221' title='bbox 1310 2592 1478 2655; x_wconf 87' lang='lat' dir='ltr'>edomino</span> 
     </span>
     <span class='ocr_line' id='line_1_24' title="bbox 169 2687 1477 2775; baseline -0.002 -18"><span class='ocrx_word' id='word_1_222' title='bbox 169 2692 309 2775; x_wconf 87' lang='lat' dir='ltr'>Hugone</span> <span class='ocrx_word' id='word_1_223' title='bbox 339 2695 507 2773; x_wconf 85' lang='lat' dir='ltr'>prenotato.</span> <span class='ocrx_word' id='word_1_224' title='bbox 557 2687 662 2771; x_wconf 85' lang='lat' dir='ltr'>Elegit</span> <span class='ocrx_word' id='word_1_225' title='bbox 688 2694 829 2771; x_wconf 86' lang='lat' dir='ltr'>preterea</span> <span class='ocrx_word' id='word_1_226' title='bbox 855 2706 1009 2769; x_wconf 87' lang='lat' dir='ltr'>superse</span> <span class='ocrx_word' id='word_1_227' title='bbox 1035 2689 1068 2750; x_wconf 93' lang='lat' dir='ltr'>in</span> <span class='ocrx_word' id='word_1_228' title='bbox 1095 2708 1209 2771; x_wconf 87' lang='lat' dir='ltr'>penam</span> <span class='ocrx_word' id='word_1_229' title='bbox 1239 2689 1398 2771; x_wconf 89' lang='lat' dir='ltr'>predictus</span> <span class='ocrx_word' id='word_1_230' title='bbox 1423 2688 1477 2754; x_wconf 85' lang='lat' dir='ltr'>Th.</span> 
     </span>
     <span class='ocr_line' id='line_1_25' title="bbox 170 2786 1477 2871; baseline -0.001 -22"><span class='ocrx_word' id='word_1_231' title='bbox 170 2790 361 2867; x_wconf 76' lang='lat' dir='ltr'>voluntarie,</span> <span class='ocrx_word' id='word_1_232' title='bbox 389 2788 488 2871; x_wconf 82' lang='lat' dir='ltr'>qnod,</span> <span class='ocrx_word' id='word_1_233' title='bbox 520 2786 546 2849; x_wconf 91' lang='lat' dir='ltr'>si</span> <span class='ocrx_word' id='word_1_234' title='bbox 573 2788 639 2870; x_wconf 91' lang='lat' dir='ltr'>ipse</span> <span class='ocrx_word' id='word_1_235' title='bbox 662 2786 816 2869; x_wconf 87' lang='lat' dir='ltr'>promissa</span> <span class='ocrx_word' id='word_1_236' title='bbox 845 2790 1008 2868; x_wconf 86' lang='lat' dir='ltr'>prenotata</span> <span class='ocrx_word' id='word_1_237' title='bbox 1032 2787 1065 2847; x_wconf 94' lang='lat' dir='ltr'>in</span> <span class='ocrx_word' id='word_1_238' title='bbox 1088 2791 1152 2849; x_wconf 87' lang='lat' dir='ltr'>toto</span> <span class='ocrx_word' id='word_1_239' title='bbox 1174 2786 1223 2849; x_wconf 89' lang='lat' dir='ltr'>vel</span> <span class='ocrx_word' id='word_1_240' title='bbox 1243 2788 1277 2851; x_wconf 91' lang='lat' dir='ltr'>in</span> <span class='ocrx_word' id='word_1_241' title='bbox 1299 2786 1405 2869; x_wconf 85' lang='lat' dir='ltr'>aliqua</span> <span class='ocrx_word' id='word_1_242' title='bbox 1426 2788 1477 2851; x_wconf 90' lang='lat' dir='ltr'>sui</span> 
     </span>
     <span class='ocr_line' id='line_1_26' title="bbox 171 2882 1478 2971; baseline -0.003 -20"><span class='ocrx_word' id='word_1_243' title='bbox 171 2892 259 2971; x_wconf 86' lang='lat' dir='ltr'>parte</span> <span class='ocrx_word' id='word_1_244' title='bbox 287 2886 452 2949; x_wconf 84' lang='lat' dir='ltr'>violaverit</span> <span class='ocrx_word' id='word_1_245' title='bbox 478 2904 534 2948; x_wconf 88' lang='lat' dir='ltr'>seu</span> <span class='ocrx_word' id='word_1_246' title='bbox 556 2884 695 2967; x_wconf 72' lang='lat' dir='ltr'>fregerit,</span> <span class='ocrx_word' id='word_1_247' title='bbox 722 2882 813 2947; x_wconf 90' lang='lat' dir='ltr'>debet</span> <span class='ocrx_word' id='word_1_248' title='bbox 834 2884 973 2965; x_wconf 90' lang='lat' dir='ltr'>reputari</span> <span class='ocrx_word' id='word_1_249' title='bbox 995 2902 1050 2965; x_wconf 92' lang='lat' dir='ltr'>pro</span> <span class='ocrx_word' id='word_1_250' title='bbox 1070 2884 1214 2948; x_wconf 86' lang='lat' dir='ltr'>convicto</span> <span class='ocrx_word' id='word_1_251' title='bbox 1235 2903 1340 2948; x_wconf 88' lang='lat' dir='ltr'>ceram</span> <span class='ocrx_word' id='word_1_252' title='bbox 1362 2885 1478 2947; x_wconf 89' lang='lat' dir='ltr'>iudicio</span> 
     </span>
     <span class='ocr_line' id='line_1_27' title="bbox 170 2974 1476 3065; baseline -0.005 -16"><span class='ocrx_word' id='word_1_253' title='bbox 170 3006 256 3064; x_wconf 85' lang='lat' dir='ltr'>meo,</span> <span class='ocrx_word' id='word_1_254' title='bbox 287 2992 320 3048; x_wconf 91' lang='lat' dir='ltr'>et</span> <span class='ocrx_word' id='word_1_255' title='bbox 349 2982 446 3047; x_wconf 90' lang='lat' dir='ltr'>debeo</span> <span class='ocrx_word' id='word_1_256' title='bbox 473 2974 611 3065; x_wconf 89' lang='lat' dir='ltr'>predicto</span> <span class='ocrx_word' id='word_1_257' title='bbox 642 2982 769 3044; x_wconf 91' lang='lat' dir='ltr'>domino</span> <span class='ocrx_word' id='word_1_258' title='bbox 796 2979 950 3043; x_wconf 89' lang='lat' dir='ltr'>Reiuoldo</span> <span class='ocrx_word' id='word_1_259' title='bbox 973 3000 1030 3064; x_wconf 92' lang='lat' dir='ltr'>pro</span> <span class='ocrx_word' id='word_1_260' title='bbox 1056 2981 1192 3064; x_wconf 88' lang='lat' dir='ltr'>dampno</span> <span class='ocrx_word' id='word_1_261' title='bbox 1218 3001 1294 3056; x_wconf 78' lang='lat' dir='ltr'>suo,</span> <span class='ocrx_word' id='word_1_262' title='bbox 1319 2981 1476 3063; x_wconf 86' lang='lat' dir='ltr'>siquidem</span> 
     </span>
     <span class='ocr_line' id='line_1_28' title="bbox 167 3077 1475 3167; baseline -0.005 -21"><span class='ocrx_word' id='word_1_263' title='bbox 167 3086 274 3167; x_wconf 90' lang='lat' dir='ltr'>ipsum</span> <span class='ocrx_word' id='word_1_264' title='bbox 303 3101 342 3145; x_wconf 81' lang='lat' dir='ltr'>ex</span> <span class='ocrx_word' id='word_1_265' title='bbox 373 3080 569 3165; x_wconf 84' lang='lat' dir='ltr'>negligencia</span> <span class='ocrx_word' id='word_1_266' title='bbox 599 3080 826 3162; x_wconf 87' lang='lat' dir='ltr'>premissorum</span> <span class='ocrx_word' id='word_1_267' title='bbox 857 3077 1015 3141; x_wconf 85' lang='lat' dir='ltr'>sustinere</span> <span class='ocrx_word' id='word_1_268' title='bbox 1046 3079 1249 3161; x_wconf 82' lang='lat' dir='ltr'>contingerit,</span> <span class='ocrx_word' id='word_1_269' title='bbox 1288 3080 1406 3163; x_wconf 87' lang='lat' dir='ltr'>pignus</span> <span class='ocrx_word' id='word_1_270' title='bbox 1435 3078 1475 3140; x_wconf 91' lang='lat' dir='ltr'>ab</span> 
     </span>
     <span class='ocr_line' id='line_1_29' title="bbox 169 3176 1478 3264; baseline -0.003 -21"><span class='ocrx_word' id='word_1_271' title='bbox 169 3184 237 3264; x_wconf 91' lang='lat' dir='ltr'>ipso</span> <span class='ocrx_word' id='word_1_272' title='bbox 264 3178 453 3243; x_wconf 81' lang='lat' dir='ltr'>Theoderico</span> <span class='ocrx_word' id='word_1_273' title='bbox 485 3179 572 3241; x_wconf 92' lang='lat' dir='ltr'>omni</span> <span class='ocrx_word' id='word_1_274' title='bbox 604 3177 808 3259; x_wconf 84' lang='lat' dir='ltr'>queremonia</span> <span class='ocrx_word' id='word_1_275' title='bbox 836 3181 991 3255; x_wconf 81' lang='lat' dir='ltr'>cessante,</span> <span class='ocrx_word' id='word_1_276' title='bbox 1020 3176 1277 3260; x_wconf 85' lang='lat' dir='ltr'>quandocunque</span> <span class='ocrx_word' id='word_1_277' title='bbox 1304 3176 1478 3259; x_wconf 88' lang='lat' dir='ltr'>requisitus</span> 
     </span>
     <span class='ocr_line' id='line_1_30' title="bbox 171 3272 1477 3360; baseline -0.005 -18"><span class='ocrx_word' id='word_1_278' title='bbox 171 3281 276 3357; x_wconf 87' lang='lat' dir='ltr'>fuero,</span> <span class='ocrx_word' id='word_1_279' title='bbox 303 3296 478 3360; x_wconf 89' lang='lat' dir='ltr'>procurare.</span> <span class='ocrx_word' id='word_1_280' title='bbox 526 3275 576 3339; x_wconf 85' lang='lat' dir='ltr'>Ad</span> <span class='ocrx_word' id='word_1_281' title='bbox 604 3276 661 3339; x_wconf 88' lang='lat' dir='ltr'>heo</span> <span class='ocrx_word' id='word_1_282' title='bbox 687 3275 794 3355; x_wconf 88' lang='lat' dir='ltr'>itaque</span> <span class='ocrx_word' id='word_1_283' title='bbox 822 3292 873 3337; x_wconf 91' lang='lat' dir='ltr'>me</span> <span class='ocrx_word' id='word_1_284' title='bbox 893 3272 997 3357; x_wconf 88' lang='lat' dir='ltr'>obligo</span> <span class='ocrx_word' id='word_1_285' title='bbox 1019 3273 1157 3356; x_wconf 90' lang='lat' dir='ltr'>sigillum</span> <span class='ocrx_word' id='word_1_286' title='bbox 1179 3292 1288 3337; x_wconf 87' lang='lat' dir='ltr'>meum</span> <span class='ocrx_word' id='word_1_287' title='bbox 1309 3274 1349 3337; x_wconf 90' lang='lat' dir='ltr'>ad</span> <span class='ocrx_word' id='word_1_288' title='bbox 1369 3292 1477 3357; x_wconf 86' lang='lat' dir='ltr'>preces</span> 
     </span>
     <span class='ocr_line' id='line_1_31' title="bbox 169 3371 1477 3461; baseline -0.006 -20"><span class='ocrx_word' id='word_1_289' title='bbox 169 3376 301 3461; x_wconf 80' lang='lat' dir='ltr'>predicti</span> <span class='ocrx_word' id='word_1_290' title='bbox 329 3372 516 3438; x_wconf 88' lang='lat' dir='ltr'>Theoderici</span> <span class='ocrx_word' id='word_1_291' title='bbox 548 3371 746 3456; x_wconf 88' lang='lat' dir='ltr'>presentibus</span> <span class='ocrx_word' id='word_1_292' title='bbox 778 3371 992 3454; x_wconf 86' lang='lat' dir='ltr'>appendendo.</span> <span class='ocrx_word' id='word_1_293' title='bbox 1043 3371 1150 3437; x_wconf 87' lang='lat' dir='ltr'>Testes</span> <span class='ocrx_word' id='word_1_294' title='bbox 1180 3372 1277 3435; x_wconf 90' lang='lat' dir='ltr'>huius</span> <span class='ocrx_word' id='word_1_295' title='bbox 1308 3373 1353 3434; x_wconf 89' lang='lat' dir='ltr'>rei</span> <span class='ocrx_word' id='word_1_296' title='bbox 1385 3378 1477 3434; x_wconf 87' lang='lat' dir='ltr'>sunt:</span> 
     </span>
     <span class='ocr_line' id='line_1_32' title="bbox 169 3468 1477 3552; baseline -0.006 -14"><span class='ocrx_word' id='word_1_297' title='bbox 169 3474 297 3538; x_wconf 85' lang='lat' dir='ltr'>discreti</span> <span class='ocrx_word' id='word_1_298' title='bbox 317 3478 349 3537; x_wconf 89' lang='lat' dir='ltr'>et</span> <span class='ocrx_word' id='word_1_299' title='bbox 368 3472 493 3535; x_wconf 89' lang='lat' dir='ltr'>honesti</span> <span class='ocrx_word' id='word_1_300' title='bbox 513 3472 574 3534; x_wconf 83' lang='lat' dir='ltr'>viri</span> <span class='ocrx_word' id='word_1_301' title='bbox 595 3470 744 3534; x_wconf 88' lang='lat' dir='ltr'>dominus</span> <span class='ocrx_word' id='word_1_302' title='bbox 765 3468 929 3533; x_wconf 87' lang='lat' dir='ltr'>Johannes</span> <span class='ocrx_word' id='word_1_303' title='bbox 949 3468 1104 3552; x_wconf 90' lang='lat' dir='ltr'>plebanus</span> <span class='ocrx_word' id='word_1_304' title='bbox 1123 3470 1254 3533; x_wconf 89' lang='lat' dir='ltr'>ecclesie</span> <span class='ocrx_word' id='word_1_305' title='bbox 1274 3489 1297 3532; x_wconf 83' lang='lat' dir='ltr'>s</span> <span class='ocrx_word' id='word_1_306' title='bbox 1318 3468 1422 3551; x_wconf 82' lang='lat' dir='ltr'>Egidii</span> <span class='ocrx_word' id='word_1_307' title='bbox 1443 3469 1477 3530; x_wconf 92' lang='lat' dir='ltr'>in</span> 
     </span>
     <span class='ocr_line' id='line_1_33' title="bbox 169 3564 1479 3651; baseline -0.005 -16"><span class='ocrx_word' id='word_1_308' title='bbox 169 3571 322 3649; x_wconf 82' lang='lat' dir='ltr'>Erfurdia¹</span> <span class='ocrx_word' id='word_1_309' title='bbox 340 3571 489 3633; x_wconf 90' lang='lat' dir='ltr'>dominus</span> <span class='ocrx_word' id='word_1_310' title='bbox 511 3568 693 3633; x_wconf 87' lang='lat' dir='ltr'>Waltherus</span> <span class='ocrx_word' id='word_1_311' title='bbox 716 3567 871 3651; x_wconf 89' lang='lat' dir='ltr'>plebanus</span> <span class='ocrx_word' id='word_1_312' title='bbox 895 3568 926 3629; x_wconf 94' lang='lat' dir='ltr'>in</span> <span class='ocrx_word' id='word_1_313' title='bbox 942 3565 1155 3650; x_wconf 75' lang='lat' dir='ltr'>Respenberg,</span> <span class='ocrx_word' id='word_1_314' title='bbox 1176 3567 1326 3631; x_wconf 92' lang='lat' dir='ltr'>dominus</span> <span class='ocrx_word' id='word_1_315' title='bbox 1343 3564 1479 3629; x_wconf 88' lang='lat' dir='ltr'>Gerhoto</span> 
     </span>
     <span class='ocr_line' id='line_1_34' title="bbox 170 3662 1480 3744; baseline -0.002 -14"><span class='ocrx_word' id='word_1_316' title='bbox 170 3671 309 3733; x_wconf 82' lang='lat' dir='ltr'>vicarius</span> <span class='ocrx_word' id='word_1_317' title='bbox 346 3670 379 3731; x_wconf 93' lang='lat' dir='ltr'>in</span> <span class='ocrx_word' id='word_1_318' title='bbox 417 3666 550 3744; x_wconf 80' lang='lat' dir='ltr'>Gebese‚</span> <span class='ocrx_word' id='word_1_319' title='bbox 589 3667 738 3729; x_wconf 89' lang='lat' dir='ltr'>dominus</span> <span class='ocrx_word' id='word_1_320' title='bbox 774 3664 925 3728; x_wconf 84' lang='lat' dir='ltr'>Nicotaus</span> <span class='ocrx_word' id='word_1_321' title='bbox 961 3665 1101 3728; x_wconf 86' lang='lat' dir='ltr'>vicarius</span> <span class='ocrx_word' id='word_1_322' title='bbox 1137 3664 1267 3728; x_wconf 85' lang='lat' dir='ltr'>ecclesie</span> <span class='ocrx_word' id='word_1_323' title='bbox 1305 3684 1329 3727; x_wconf 90' lang='lat' dir='ltr'>s.</span> <span class='ocrx_word' id='word_1_324' title='bbox 1361 3662 1480 3727; x_wconf 87' lang='lat' dir='ltr'>Micha-</span> 
     </span>
     <span class='ocr_line' id='line_1_35' title="bbox 170 3762 1475 3843; baseline -0.005 -13"><span class='ocrx_word' id='word_1_325' title='bbox 170 3768 250 3832; x_wconf 87' lang='lat' dir='ltr'>lrelis</span> <span class='ocrx_word' id='word_1_326' title='bbox 272 3768 306 3829; x_wconf 92' lang='lat' dir='ltr'>in</span> <span class='ocrx_word' id='word_1_327' title='bbox 326 3764 487 3843; x_wconf 79' lang='lat' dir='ltr'>Erfurdia,</span> <span class='ocrx_word' id='word_1_328' title='bbox 509 3763 675 3829; x_wconf 84' lang='lat' dir='ltr'>Bertoldus</span> <span class='ocrx_word' id='word_1_329' title='bbox 697 3763 735 3826; x_wconf 91' lang='lat' dir='ltr'>de</span> <span class='ocrx_word' id='word_1_330' title='bbox 756 3762 859 3825; x_wconf 76' lang='lat' dir='ltr'>(lotha</span> <span class='ocrx_word' id='word_1_331' title='bbox 879 3764 986 3826; x_wconf 88' lang='lat' dir='ltr'>iunior</span> <span class='ocrx_word' id='word_1_332' title='bbox 1006 3764 1086 3825; x_wconf 92' lang='lat' dir='ltr'>civis</span> <span class='ocrx_word' id='word_1_333' title='bbox 1107 3762 1307 3825; x_wconf 83' lang='lat' dir='ltr'>Erfurdonsis</span> <span class='ocrx_word' id='word_1_334' title='bbox 1327 3769 1358 3825; x_wconf 90' lang='lat' dir='ltr'>et</span> <span class='ocrx_word' id='word_1_335' title='bbox 1380 3781 1475 3843; x_wconf 85' lang='lat' dir='ltr'>quam</span> 
     </span>
     <span class='ocr_line' id='line_1_36' title="bbox 170 3859 1478 3949; baseline -0.006 -20"><span class='ocrx_word' id='word_1_336' title='bbox 170 3866 278 3949; x_wconf 90' lang='lat' dir='ltr'>plures</span> <span class='ocrx_word' id='word_1_337' title='bbox 299 3864 352 3928; x_wconf 90' lang='lat' dir='ltr'>alii</span> <span class='ocrx_word' id='word_1_338' title='bbox 374 3862 435 3927; x_wconf 88' lang='lat' dir='ltr'>fide</span> <span class='ocrx_word' id='word_1_339' title='bbox 457 3862 554 3946; x_wconf 89' lang='lat' dir='ltr'>digni.</span> <span class='ocrx_word' id='word_1_340' title='bbox 590 3860 704 3924; x_wconf 87' lang='lat' dir='ltr'>Datum</span> <span class='ocrx_word' id='word_1_341' title='bbox 729 3880 812 3925; x_wconf 81' lang='lat' dir='ltr'>enno</span> <span class='ocrx_word' id='word_1_342' title='bbox 834 3859 964 3924; x_wconf 91' lang='lat' dir='ltr'>Domini</span> <span class='ocrx_word' id='word_1_343' title='bbox 988 3859 1128 3923; x_wconf 57' lang='grc' dir='ltr'>ΜῡΟΟΟθ</span> <span class='ocrx_word' id='word_1_344' title='bbox 1141 3859 1263 3939; x_wconf 76' lang='lat' dir='ltr'>xxm,</span> <span class='ocrx_word' id='word_1_345' title='bbox 1283 3861 1361 3923; x_wconf 87' lang='lat' dir='ltr'>feria</span> <span class='ocrx_word' id='word_1_346' title='bbox 1382 3860 1478 3924; x_wconf 86' lang='lat' dir='ltr'>torcia</span> 
     </span>
     <span class='ocr_line' id='line_1_37' title="bbox 171 3960 735 4047; baseline -0.012 -19"><span class='ocrx_word' id='word_1_347' title='bbox 171 3968 241 4047; x_wconf 88' lang='lat' dir='ltr'>post</span> <span class='ocrx_word' id='word_1_348' title='bbox 264 3964 382 4027; x_wconf 89' lang='lat' dir='ltr'>festum</span> <span class='ocrx_word' id='word_1_349' title='bbox 402 3960 562 4024; x_wconf 85' lang='lat' dir='ltr'>Trinitatis</span> <span class='ocrx_word' id='word_1_350' title='bbox 583 3960 735 4043; x_wconf 83' lang='lat' dir='ltr'>proxima.</span> 
     </span>
    </p>
   </div>
   <div class='ocr_carea' id='block_1_3' title="bbox 172 4178 1478 4268">
    <p class='ocr_par' dir='ltr' id='par_1_3' title="bbox 172 4178 1478 4268">
     <span class='ocr_line' id='line_1_38' title="bbox 172 4178 1478 4268; baseline -0.005 -3"><span class='ocrx_word' id='word_1_351' title='bbox 172 4183 283 4266; x_wconf 73' lang='lat'><strong>1322.</strong></span> <span class='ocrx_word' id='word_1_352' title='bbox 309 4182 418 4268; x_wconf 75' lang='lat' dir='ltr'>luni</span> <span class='ocrx_word' id='word_1_353' title='bbox 444 4182 510 4264; x_wconf 81' lang='grc'>30.</span> <span class='ocrx_word' id='word_1_354' title='bbox 1417 4178 1478 4259; x_wconf 75' lang='lat' dir='ltr'>lei.</span> 
     </span>
    </p>
   </div>
   <div class='ocr_carea' id='block_1_4' title="bbox 271 4335 1480 4616">
    <p class='ocr_par' dir='ltr' id='par_1_4' title="bbox 271 4335 1480 4616">
     <span class='ocr_line' id='line_1_39' title="bbox 272 4335 1480 4419; baseline -0.005 -16"><span class='ocrx_word' id='word_1_355' title='bbox 272 4338 408 4419; x_wconf 71' lang='lat' dir='ltr'>Badais,</span> <span class='ocrx_word' id='word_1_356' title='bbox 438 4338 596 4403; x_wconf 76' lang='lat' dir='ltr'>Solorius</span> <span class='ocrx_word' id='word_1_357' title='bbox 618 4338 732 4403; x_wconf 74' lang='lat' dir='ltr'>lttuers</span> <span class='ocrx_word' id='word_1_358' title='bbox 751 4339 880 4404; x_wconf 82' lang='lat' dir='ltr'>Johuao</span> <span class='ocrx_word' id='word_1_359' title='bbox 901 4360 960 4402; x_wconf 83' lang='lat' dir='ltr'>voa</span> <span class='ocrx_word' id='word_1_360' title='bbox 982 4336 1222 4411; x_wconf 82' lang='lat' dir='ltr'>Heruirslaiberr,</span> <span class='ocrx_word' id='word_1_361' title='bbox 1245 4335 1383 4410; x_wconf 71' lang='grc' dir='ltr'><strong><em>ὺιΙιιιιιιί,</em></strong></span> <span class='ocrx_word' id='word_1_362' title='bbox 1405 4335 1480 4397; x_wconf 85' lang='lat' dir='ltr'>dass</span> 
     </span>
     <span class='ocr_line' id='line_1_40' title="bbox 271 4432 1480 4517; baseline -0.005 -16"><span class='ocrx_word' id='word_1_363' title='bbox 271 4436 436 4501; x_wconf 71' lang='lat' dir='ltr'>heroicus</span> <span class='ocrx_word' id='word_1_364' title='bbox 465 4436 504 4500; x_wconf 87' lang='lat' dir='ltr'>de</span> <span class='ocrx_word' id='word_1_365' title='bbox 534 4436 698 4513; x_wconf 77' lang='lat' dir='ltr'>Rorlcstolr,</span> <span class='ocrx_word' id='word_1_366' title='bbox 730 4438 856 4517; x_wconf 76' lang='lat' dir='ltr'>Bitrpcr</span> <span class='ocrx_word' id='word_1_367' title='bbox 881 4456 924 4501; x_wconf 76' lang='lat' dir='ltr'>aa</span> <span class='ocrx_word' id='word_1_368' title='bbox 951 4436 1083 4516; x_wconf 77' lang='lat' dir='ltr'>Erfurt,</span> <span class='ocrx_word' id='word_1_369' title='bbox 1115 4434 1183 4497; x_wconf 82' lang='lat' dir='ltr'>ciac</span> <span class='ocrx_word' id='word_1_370' title='bbox 1207 4432 1296 4496; x_wconf 73' lang='grc' dir='ltr'><strong><em>Ιιιιὶὀι</em></strong></span> <span class='ocrx_word' id='word_1_371' title='bbox 1323 4432 1414 4515; x_wconf 73' lang='lat' dir='ltr'>Hafa</span> <span class='ocrx_word' id='word_1_372' title='bbox 1437 4453 1480 4497; x_wconf 73' lang='lat' dir='ltr'>aa</span> 
     </span>
     <span class='ocr_line' id='line_1_41' title="bbox 273 4529 1480 4616; baseline -0.006 -17"><span class='ocrx_word' id='word_1_373' title='bbox 273 4533 444 4615; x_wconf 75' lang='lat' dir='ltr'>Riuulebea</span> <span class='ocrx_word' id='word_1_374' title='bbox 463 4536 521 4615; x_wconf 72' lang='lat' dir='ltr'>siu</span> <span class='ocrx_word' id='word_1_375' title='bbox 541 4538 583 4599; x_wconf 89' lang='lat'>15</span> <span class='ocrx_word' id='word_1_376' title='bbox 602 4534 728 4599; x_wconf 81' lang='lat' dir='ltr'>Taleatc</span> <span class='ocrx_word' id='word_1_377' title='bbox 747 4534 899 4616; x_wconf 69' lang='grc' dir='ltr'><strong><em>ΕνῙιιιιιν</em></strong></span> <span class='ocrx_word' id='word_1_378' title='bbox 912 4534 1068 4615; x_wconf 74' lang='lat' dir='ltr'>Ptearripe</span> <span class='ocrx_word' id='word_1_379' title='bbox 1087 4552 1146 4595; x_wconf 73' lang='lat' dir='ltr'>vora</span> <span class='ocrx_word' id='word_1_380' title='bbox 1167 4529 1357 4594; x_wconf 72' lang='lat' dir='ltr'>hadewic-ur</span> <span class='ocrx_word' id='word_1_381' title='bbox 1377 4530 1480 4593; x_wconf 66' lang='lat' dir='ltr'>dulus</span> 
     </span>
    </p>
   </div>
   <div class='ocr_carea' id='block_1_5' title="bbox 0 0 1775 5209">
    <p class='ocr_par' dir='ltr' id='par_1_5' title="bbox 0 0 1775 5209">
     <span class='ocr_line' id='line_1_42' title="bbox 0 0 1775 5209; baseline 0 0"><span class='ocrx_word' id='word_1_382' title='bbox 0 0 1775 5209; x_wconf 95' lang='lat' dir='ltr'> </span> 
     </span>
    </p>
   </div>
  </div>
 </body>
</html>
