3525 5209
288 368 340 423 212
666 368 939 441 Geschiubtsquelleu
957 370 1007 425 'der
1023 370 1104 429 Pruv.
1118 370 1248 429 Sachsen.

256 594 258 597 Α
291 529 417 607 propter
443 522 562 601 Deum,
591 525 680 584 motu
708 527 879 604 spontaneo
906 524 1179 585 renunciaverunt
1202 524 1291 587 omni
1320 524 1384 587 iuri
1414 530 1445 587 et
1471 526 1596 604 actioni,

291 624 318 685 si
339 641 402 704 que
428 622 505 704 ipsis
532 620 582 683 vel
607 620 677 683 aliis
704 638 814 683 eorum
841 621 971 683 nomine
991 627 1121 704 possent
1141 626 1317 703 competere
1337 625 1370 683 in
1390 628 1457 685 orto
1479 641 1595 686 memo·

289 726 370 799 rato,
396 721 521 803 ipsique
540 718 651 781 tratres
671 718 820 780 antedicti
841 736 948 780 umore
968 721 1054 800 pacis
1074 726 1106 781 et
1127 718 1293 781 concordie
1314 719 1353 782 de
1373 720 1505 782 consilio
1525 739 1597 803 pro-

288 817 403 880 borum
428 818 505 901 ipsis
532 816 687 880 dederunt
715 814 820 877 decem
843 814 941 878 libras
960 813 1200 879 Effordensium
1221 817 1423 880 denariorum
1444 816 1594 900 legalium

288 920 319 979 et
340 914 513 993 bonorum,
533 914 725 996 integraliter
746 915 790 977 eis
816 914 946 977 traditas
970 920 1002 976 et
1022 914 1157 993 solutas3
1183 916 1218 977 iu
1244 934 1479 999 recompensam
1500 916 1596 979 etiam

289 1015 425 1093 servicii,
452 1014 479 1076 si
500 1012 584 1095 quod
605 1012 723 1074 civitati
745 1013 899 1094 potuisset
918 1014 1081 1094 prevenire
1102 1013 1141 1075 de
1160 1014 1241 1075 dieto
1263 1020 1330 1075 orto
1352 1013 1515 1076 occasione
1535 1016 1594 1077 im-

287 1112 446 1195 petitionis
473 1116 661 1189 memorate,
688 1110 797 1172 fratres
823 1109 954 1193 predicti
977 1110 1154 1175 voluntarie
1180 1112 1425 1193 assignaverunt
1449 1110 1542 1175 nobis
1562 1120 1595 1175 et

286 1210 405 1273 civitati
433 1209 570 1291 predicte
596 1226 693 1271 ‘unam
717 1206 829 1271 libram
856 1207 1057 1271 denariorum
1083 1211 1182 1272 annui
1209 1229 1325 1273 census
1351 1212 1386 1273 in
1408 1209 1500 1274 bonis
1521 1229 1593 1292 pro-

286 1308 380 1392 priis,
407 1326 469 1389 que
489 1325 656 1387 nunquam
680 1305 832 1369 hacteuus
856 1305 988 1368 luerunt
1007 1305 1145 1369 obnoxia
1165 1310 1297 1370 servicio
1317 1310 1470 1385 civitatiS,
1494 1330 1591 1393 quam

285 1406 398 1469 libram
411 1405 575 1468 annuatim
597 1404 726 1467 solvunt
743 1402 907 1466 Corradus
925 1403 1028 1467 dictus
1043 1404 1238 1488 Subreppber
1251 1413 1281 1469 et
1295 1405 1467 1485 Elisabeth,
1483 1408 1592 1472 relicta

287 1503 446 1588 quondam
474 1500 601 1565 Rudolfi
629 1501 667 1563 de
685 1500 868 1579 Wissinzei,
898 1504 1061 1565 cuiusuis
1090 1503 1258 1567 heredibus
1285 1505 1324 1567 de
1352 1524 1417 1567 uua
1444 1508 1534 1569 curia
1561 1514 1593 1570 et

286 1602 388 1667 medio
418 1620 528 1664 manso
555 1601 623 1663 sitis
649 1602 682 1661 in
704 1598 919 1683 Hophgurtin,
949 1618 1011 1683 que
1033 1599 1116 1664 bona
1137 1602 1298 1683 quondam
1318 1602 1450 1666 fuerunt
1468 1604 1591 1667 Alberti

286 1699 395 1763 militis
421 1699 496 1761 dicti
522 1698 561 1760 de
580 1696 798 1780 Hophgartin,
825 1699 880 1780 qui
909 1716 946 1760 ea
972 1698 1063 1761 dictis
1089 1698 1239 1762 fratribus
1261 1720 1315 1782 pro
1338 1702 1443 1764 anime
1465 1721 1523 1765 sue
1542 1722 1592 1765 re·

286 1798 389 1862 medio
417 1798 587 1878 inpurum
615 1794 820 1859 elemosinam
853 1797 903 1879 pie
928 1797 1062 1859 eontulit
1087 1804 1214 1881 propter
1239 1796 1352 1861 Deum.
1394 1798 1592 1883 Quapropter

285 1895 324 1959 de
344 1896 507 1959 communi
530 1893 689 1956 voluntate
712 1899 742 1956 et
762 1912 895 1957 assensu
918 1894 1061 1977 quinque
1081 1896 1285 1959 consiliorum
1308 1896 1459 1979 prefatum
1483 1905 1589 1962 ortum

285 1992 403 2057 eisdem
433 1990 583 2055 fratribus
614 1997 722 2054 tenure
751 1992 946 2074 presentium
978 1992 1198 2058 adiudicamus
1229 2013 1285 2076 pro
1315 2014 1373 2057 sua
1404 1998 1590 2060 necessitate

283 2089 381 2153 libere
401 2098 432 2153 et
452 2088 573 2172 absque
593 2090 681 2152 omni
695 2088 921 2171 impedimento
942 2092 1163 2174 cuiuscunque
1185 2099 1334 2174 perpetuo
1353 2092 1589 2175 possidendum.

283 2187 321 2251 In
353 2206 488 2271 quorum
520 2188 664 2251 omnium
698 2186 796 2249 robur
821 2194 851 2250 et
876 2187 1067 2251 evidentiam
1096 2196 1272 2272 presentem
1304 2190 1437 2254 litteram
1470 2191 1589 2255 eisdem

283 2286 433 2349 fratribus
454 2284 599 2348 dedimus
620 2283 680 2348 sub
701 2285 803 2367 sigillo
824 2286 961 2348 civitatis
980 2284 1179 2350 Erfurdensis
1199 2286 1331 2351 firmiter
1351 2292 1590 2368 communitam,

285 2382 345 2447 sub
369 2402 452 2446 annu
473 2381 601 2445 Domini
623 2380 888 2463 uocem,
907 2384 940 2444 in
963 2383 1013 2446 die
1034 2403 1076 2445 ss.
1088 2382 1307 2449 Innocentum.

283 2604 400 2687 1346.
427 2604 622 2686 Februur
647 2602 712 2685 24.
1495 2608 1587 2692 259.

382 2738 497 2803 Dekuu
517 2739 586 2803 uad
596 2737 728 2819 Kapitei
747 2739 800 2801 des
811 2738 1045 2821 Muricesiiftes
1063 2760 1105 2808 aa
1116 2741 1248 2822 Erfurt,
1270 2744 1326 2806 der
1345 2743 1453 2823 diripe
1466 2742 1589 2807 Kieros

382 2837 514 2903 duselbst
534 2838 602 2901 aad
621 2858 662 2902 aa
673 2836 902 2917 Ilvcrsyebcoeu
919 2838 1042 2918 palchen
1058 2840 1125 2901 dein
1139 2838 1326 2903 Kononiker
1339 2841 1392 2905 des
1407 2848 1587 2924 percuntem

383 2934 506 3017 sersus,
538 2934 737 2999 Hildebruud
766 2954 824 2997 voa
847 2934 1076 3011 Miihlbouseu,
1108 2936 1196 3000 deren
1224 2938 1382 3002 Beistuud
1411 2940 1444 3002 iu
1470 2942 1587 3004 seinem

380 3034 525 3098 &cresse
541 3033 637 3096 wider
650 3031 804 3096 Heinrich
814 3053 872 3097 vua
886 3033 1086 3115 Greuendorf
1096 3036 1164 3099 und
1176 3034 1292 3112 Albert,
1302 3042 1442 3116 pereuni
1453 3036 1586 3119 Noipris

380 3152 439 3197 voa
460 3129 704 3210 Heilipenstudt,
726 3150 827 3211 wepea
856 3130 912 3195 der
933 3132 1062 3213 Pfurrei
1081 3132 1301 3213 Allerheilipea
1322 3134 1357 3196 in
1373 3134 1493 3217 Erfurt
1516 3137 1586 3199 mid

383 3229 485 3292 seiher
502 3228 684 3292 Prdhendea
703 3230 747 3291 im
768 3228 981 3310 Marieustist.

434 3346 478 3401 Or.
496 3346 546 3400 mit
564 3346 592 3400 S.
610 3345 649 3399 im
666 3344 703 3403 D.
716 3346 749 3399 A.

358 3451 425 3517 Nos
447 3452 585 3515 decanus
602 3456 769 3535 totumque
796 3452 970 3536 capitulum
992 3452 1122 3517 ecclesie
1142 3459 1250 3517 sancte
1269 3452 1368 3517 Marie
1386 3453 1585 3519 Erfurdcnsis

279 3552 549 3635 recognoscimus,
576 3549 675 3632 quod,
696 3570 768 3613 cum
795 3550 992 3613 honorabiles
1013 3557 1044 3614 et
1064 3552 1188 3614 discreti
1210 3552 1270 3613 viri
1292 3602 1319 3616 ..
1342 3550 1489 3634 abbates,
1515 3573 1585 3637 pre·

279 3650 388 3732 positi,
408 3648 547 3732 plebani,
569 3648 763 3730 vieeplebaui
784 3668 820 3712 ae
841 3649 945 3712 clerus
965 3650 1050 3731 opidi
1071 3648 1286 3729 Erfurdensis,
1312 3669 1436 3713 necnon
1457 3650 1584 3715 discreti

279 3748 340 3809 viri
356 3748 518 3831 prepositi,
533 3746 799 3830 archipresbiteri,
814 3746 952 3829 plebani,
967 3747 1162 3829 viceplebani
1177 3768 1213 3809 ac
1229 3747 1363 3811 aliarum
1378 3748 1582 3814 ecclesiarum

278 3850 309 3907 et
338 3845 550 3928 cappellarum
581 3851 716 3909 rectores
747 3844 830 3908 sedis
857 3843 1187 3927 Eylbrechtsgehoveu
1214 3845 1342 3909 dornino
1366 3844 1582 3911 Hildebrando

278 3944 317 4007 de
333 3942 513 4024 Molhusen,
535 3951 640 4006 nostro
662 3944 889 4024 concanonico,
910 3951 941 4007 et
956 3946 1024 4008 suis
1038 3943 1314 4027 appellationibus,
1334 3947 1528 4028 interpositis
1547 3948 1582 4009 in

277 4044 382 4105 causis
407 4043 629 4125 infrascriptis,
657 4041 861 4121 adheserunt,
889 4041 1040 4105 adherent
1068 4049 1099 4105 et
1126 4042 1275 4105 adherere
1300 4043 1412 4107 volunt
1437 4065 1493 4128 pro
1522 4064 1581 4108 suo

275 4142 346 4205 iure
363 4140 571 4221 defendendo,
584 4142 669 4224 ipsus
683 4149 713 4205 et
727 4140 901 4224 quemlibet
918 4141 1060 4222 ipsorum
1078 4141 1227 4205 volumus
1245 4146 1277 4204 et
1292 4148 1438 4206 tenemur
1452 4144 1581 4208 reddere

276 4239 462 4322 indempnes
490 4240 610 4320 taliter,
638 4242 664 4303 si
692 4240 791 4321 aliqui
818 4242 959 4323 ipsorum
984 4260 1040 4323 per
1068 4258 1278 4322 quoscunque
1309 4246 1494 4305 executurus
1523 4262 1581 4306 sen

276 4337 521 4403 subexecutores
547 4338 632 4402 sedis
657 4338 825 4421 apostolice
844 4340 986 4421 ipsarum
1007 4356 1177 4401 causarum
1199 4339 1308 4401 vexari
1329 4340 1503 4423 continget,
1524 4360 1580 4404 ex·

275 4444 352 4501 tunc
378 4438 463 4521 ipsos
491 4436 639 4500 volumus
664 4442 696 4499 et
722 4436 873 4499 debemus
901 4437 983 4499 tueri
1009 4444 1040 4499 et
1069 4436 1231 4500 defensare
1258 4438 1318 4502 sub
1344 4457 1426 4521 pena
1450 4446 1579 4503 centum

275 4554 453 4599 marcarum
481 4536 766 4619 infrascriptarum,
797 4547 828 4599 et
853 4535 985 4600 eandem
1009 4554 1122 4615 penam
1150 4555 1208 4599 seu
1229 4538 1409 4600 cautionem
1429 4537 1580 4602 volumus
