3525 5209
477 342 715 400 Urkundenbrrch
734 343 784 398 der
802 341 885 397 Stadt
904 341 1010 398 Erfurt.
1048 337 1183 396 Il.'l'heil,
1439 345 1488 398 157

181 498 360 562 solomitaui
397 518 417 560 a
449 517 576 562 summo
608 496 819 560 transmarino
852 494 1002 575 magistro
1038 493 1241 570 constitutus,
1270 511 1309 556 ne
1337 495 1487 558 memoria

180 617 300 672 eornm,
321 615 384 679 que
404 601 544 677 aguntur
565 596 597 657 in
619 600 768 676 tempore,
789 610 938 655 successu
961 590 1110 673 temporis
1131 597 1330 669 evanescant,
1352 593 1487 673 presenti

181 696 287 778 scripti
306 696 387 758 serie
407 693 533 777 publice
544 691 729 776 profitemur
750 690 788 752 ad
810 691 954 751 omnium
977 697 1040 765 tam
1062 689 1265 770 presentium,
1287 709 1382 770 quam
1400 689 1485 754 futu-

180 813 289 856 rorum
299 793 464 876 pervenire
476 793 620 854 notitiam
630 791 805 872 cupientes,
826 786 920 869 quod,
937 787 1068 869 provide
1079 791 1110 848 et
1126 793 1250 849 matura
1263 785 1487 852 deliberatione

181 910 219 953 ac
249 895 385 952 tractatu
415 888 556 969 diligenti
591 888 697 969 sepius
729 883 900 969 probabitis
932 903 996 946 uua
1021 903 1093 946 cum
1123 885 1432 950 commendatoribus
1459 896 1490 951 et

180 986 332 1052 tratribus
352 985 502 1049 omnibus
517 993 548 1049 et
565 984 699 1066 singulis
713 983 881 1046 domorum
897 988 927 1044 et
942 983 1102 1044 curiarum
1118 982 1151 1044 in
1166 980 1342 1060 windense,
1363 983 1486 1048 llucue-

180 1085 309 1165 leybin,
335 1071 524 1166 Bessingen,
550 1082 745 1166 Heyliugen,
769 1081 948 1165 Tcphlstete
974 1085 1005 1142 et
1024 1081 1057 1142 iu
1079 1077 1225 1156 Trebere,
1253 1081 1488 1148 considerantes

181 1202 240 1246 nos
264 1193 296 1244 et
320 1182 432 1246 fratres
456 1187 581 1244 nostros
602 1183 633 1243 in
655 1180 827 1263 Thuringia
849 1179 1005 1262 predictos
1026 1179 1115 1260 gravi
1137 1196 1172 1240 ao
1193 1177 1381 1242 intolerabili
1403 1180 1489 1244 debi-

180 1278 289 1342 torum
311 1297 406 1342 onera
426 1285 644 1362 pregravatos,
671 1298 729 1342 nec
756 1279 862 1360 aliqua
890 1277 942 1338 via
967 1275 1027 1338 alia
1049 1277 1157 1338 minus
1178 1277 1290 1340 nociva
1311 1297 1367 1340 seu
1390 1282 1489 1360 magis

185 1377 255 1440 utili
276 1396 443 1460 possemus
466 1375 506 1438 ab
527 1376 643 1440 eisdem
665 1376 779 1440 debitis
795 1375 937 1452 liberari,
958 1373 1122 1436 observata
1138 1373 1363 1439 nichilominus
1380 1376 1489 1455 forma,

184 1495 247 1558 que
267 1482 331 1538 tem
344 1475 383 1538 de
404 1476 483 1547 iure,
504 1494 601 1556 quam
623 1475 662 1538 de
682 1473 913 1538 cousuetudine
927 1473 959 1533 in
977 1471 1067 1534 bonis
1084 1472 1300 1534 immobilibus
1316 1473 1490 1538 alienandis

183 1573 351 1636 consuevit
381 1572 554 1651 observari,
589 1572 739 1636 habentes
768 1571 806 1634 ad
835 1571 892 1633 hec
925 1569 1052 1652 plenum
1089 1589 1179 1652 posse
1212 1579 1243 1634 et
1274 1573 1487 1636 auctoritatem

183 1672 350 1754 specialem
381 1692 398 1732 a
427 1691 551 1734 summo
580 1679 686 1732 nostro
707 1670 855 1751 magistro
875 1670 1085 1730 transmarino
1107 1669 1300 1750 supradicte,
1329 1689 1385 1732 nos
1415 1669 1490 1733 olim

183 1770 318 1832 discreto
347 1770 414 1832 viro
436 1769 564 1832 domino
575 1768 769 1845 Hermanno,
789 1767 923 1849 plebano
945 1768 977 1828 iu
991 1765 1159 1845 Hochdorf,
1182 1787 1278 1831 unam
1300 1767 1491 1849 prebendam

184 1866 425 1941 sacerdotalem,
454 1866 513 1930 sibi
542 1868 576 1928 in
606 1865 749 1928 llrfordia
773 1867 806 1926 in
834 1866 921 1926 ouria
949 1865 1107 1946 quondam
1140 1871 1244 1928 nostra
1272 1867 1354 1928 sicut
1377 1868 1432 1929 uni
1454 1867 1492 1929 de

182 1964 333 2030 iratribus
354 1967 470 2028 nostris
493 1964 628 2028 dandam
650 1971 681 2026 et
703 1961 948 2026 ministrandam
962 1963 1001 2024 ad
1022 1969 1161 2046 tempora
1184 1965 1247 2026 vite
1271 1983 1336 2044 sue,
1354 1984 1408 2046 pro
1424 1963 1491 2028 XX

185 2065 300 2124 marcis
332 2081 406 2124 crim
441 2081 505 2124 una
534 2063 606 2145 puri
633 2061 754 2143 argenti
788 2059 935 2142 ponderis
965 2057 1163 2124 Ersordensis
1199 2061 1400 2125 vendidimus
1435 2082 1490 2126 sex

187 2160 303 2222 talenta
329 2159 570 2222 Erfordensium
597 2159 798 2221 denariorum
827 2177 901 2220 cum
931 2165 1068 2239 quatuor
1090 2158 1186 2240 pullis
1208 2158 1491 2238 obventionalihus,

185 2278 247 2340 que
276 2257 338 2320 sibi
365 2259 397 2319 in
421 2276 657 2340 recompensam
679 2257 778 2318 huius
799 2255 957 2337 prebende
980 2255 1010 2316 in
1033 2255 1236 2318 censualibus
1259 2259 1375 2320 nostris
1395 2259 1492 2340 assig-

185 2357 348 2430 navimus,
369 2365 462 2438 prout
482 2357 514 2418 in
537 2355 648 2418 litteris
671 2355 805 2436 desuper
825 2353 990 2430 confectis,
1015 2353 1075 2415 sibi
1095 2354 1227 2434 traditis,
1254 2355 1392 2419 lucidius
1418 2375 1492 2420 con-

187 2455 319 2528 tinetur,
343 2453 528 2535 recipiendis
549 2454 642 2515 annis
664 2451 812 2534 singulis,
841 2451 945 2532 quoad
969 2451 1094 2514 viveret.
1138 2449 1281 2526 Quorum
1304 2455 1492 2522 talentorum

187 2558 325 2632 quatuor
346 2549 405 2613 sibi
428 2550 569 2614 solvebat
589 2558 620 2613 et
639 2549 743 2613 adhuc
764 2550 891 2613 solverit
913 2549 1019 2612 relicta
1034 2547 1214 2614 Theoderici
1237 2553 1397 2634 quondam
1419 2556 1493 2620 dicti

187 2646 432 2730 llruppenstoylr
460 2648 499 2711 de
529 2654 596 2711 orto
625 2647 786 2712 adiacente
808 2646 990 2710 molendino
1012 2647 1173 2728 quondam
1195 2657 1302 2714 nostro
1323 2659 1395 2716 ante
1416 2655 1493 2718 civi·

187 2752 281 2808 tatem
294 2744 526 2824 Erfurdensem,
547 2766 641 2828 quem
663 2753 770 2809 crtum
790 2745 872 2808 dicta
895 2745 1000 2808 relicta
1018 2745 1188 2827 possidebit
1207 2747 1246 2808 ad
1269 2753 1409 2832 tempora
1430 2754 1493 2815 vite

187 2863 259 2909 sue.
285 2852 408 2906 tantum
437 2845 566 2906 heredes
594 2846 641 2906 sui
671 2853 738 2906 orto
765 2844 903 2925 predicto
933 2843 1098 2906 succedere
1127 2863 1189 2908 non
1211 2844 1378 2911 debebunt.
1424 2849 1494 2914 Alia

188 2960 261 3004 vero
283 2941 347 3004 duc
369 2942 484 3005 talenta
505 2962 577 3004 cnm
604 2950 741 3023 quatuor
762 2941 870 3022 pullis,
895 2961 960 3026 ¹que
981 2941 1144 3002 Conradus
1171 2949 1201 3004 ct
1219 2941 1428 3008 Theodericus
1456 2948 1494 3009 de

188 3037 348 3102 Osthusen
375 3040 487 3102 fratres
513 3038 629 3102 dabant
650 3048 680 3102 et
702 3038 881 3116 solvebant,
912 3039 988 3101 dant
1016 3047 1046 3100 et
1075 3039 1176 3102 adhuc
1206 3041 1335 3104 solvunt
1361 3045 1399 3108 de
1427 3055 1494 3108 orto

189 3155 284 3219 prope
314 3137 419 3199 villam
442 3135 781 3216 llylbrechtisgehoven
804 3137 864 3198 sito
885 3137 975 3198 iuxta
997 3137 1221 3200 molendinum.
1263 3139 1346 3204 Sana
1366 3143 1492 3224 quidem

188 3235 314 3296 sarcina
343 3233 517 3297 debitorum
548 3235 661 3296 iterum
695 3253 761 3309 nos,
796 3243 927 3316 urgente
952 3247 983 3297 at
1010 3244 1138 3316 pensata
1170 3235 1305 3300 utilitate
1332 3249 1438 3304 nostra
1465 3248 1496 3304 et

187 3332 319 3394 fratrum
351 3340 531 3396 nostrorum
559 3332 702 3414 diligenti
731 3333 824 3394 etiam
854 3337 986 3396 tractatu
1014 3333 1263 3398 cumfratribus
1291 3339 1405 3402 nostris
1427 3359 1495 3420 pre-

189 3429 281 3492 dictis
302 3428 479 3512 prehabito,
505 3449 562 3492 nos
582 3429 664 3491 dicta
688 3429 788 3507 bona,
814 3449 888 3492 cum
911 3449 1010 3494 ceusu
1033 3437 1063 3494 et
1085 3429 1329 3496 obventionibus
1349 3435 1495 3518 predictis

189 3527 227 3588 ad
250 3529 356 3609 ipsum
367 3525 589 3590 Hermannnnr
612 3527 785 3609 predictum
809 3527 964 3590 duntaxat
985 3529 1024 3592 ad
1046 3536 1187 3611 tempora
1207 3549 1264 3594 sue
1281 3532 1343 3596 vito
1361 3536 1494 3616 pertine-

190 3623 275 3700 bant,
296 3625 470 3688 cumomni
492 3626 569 3697 iure,
591 3625 719 3703 honore,
741 3624 873 3688 utilitate
886 3631 916 3688 et
940 3629 1126 3708 proprietate
1149 3647 1271 3692 necnon
1291 3632 1378 3693 omni
1395 3635 1494 3715 speci·

189 3721 333 3786 ficatione
354 3730 493 3786 ortorum
517 3742 631 3786 census
653 3722 899 3786 obventionibus
917 3725 1076 3806 adipsum
1096 3725 1259 3790 dominum
1273 3727 1493 3795 Hermannum

189 3820 229 3882 ad
241 3828 383 3903 tempora
393 3822 457 3884 vite
467 3839 525 3883 sue
537 3822 784 3904 percipiendum,
806 3840 892 3884 nunc
904 3821 1031 3884 demum
1053 3823 1152 3885 eidem
1172 3823 1299 3888 domino
1310 3825 1495 3892 Hermanno

189 3937 245 4001 per
273 3920 377 4001 ipsum
408 3927 558 4000 perpetuo
587 3919 787 4001 percipienda
812 3927 867 3980 aut
891 3920 1072 4000 cuicunque
1099 3921 1148 3982 vel
1174 3921 1420 4007 quibuscunque
1441 3937 1496 3990 aut

189 4017 227 4078 ad
250 4035 441 4099 quecunque
463 4016 530 4079 loca
548 4016 758 4080 ecclesiastica
777 4016 825 4078 vel
844 4017 1006 4080 mundana
1024 4017 1134 4096 danda,
1157 4019 1311 4099 donanda,
1332 4026 1495 4089 vendenda

188 4115 240 4177 vel
272 4113 489 4178 transferenda
520 4116 632 4196 partim
665 4113 714 4175 vel
745 4115 777 4176 in
807 4120 871 4178 toto
904 4115 1105 4178 vendidimus
1135 4137 1189 4199 pre
1217 4115 1247 4178 X
1279 4123 1393 4198 marcis
1426 4126 1494 4205 puri

188 4213 307 4296 argenti
346 4212 492 4294 ponderis
521 4211 720 4275 Erturdensis
747 4212 838 4275 nobis
864 4212 986 4276 traditis
1015 4219 1045 4277 et
1069 4214 1206 4296 plenarie
1235 4217 1360 4288 solutis;
1390 4227 1496 4285 trans-

188 4314 324 4374 ferentes
363 4312 395 4372 in
433 4312 536 4392 ipsum
569 4309 734 4373 dominum
774 4311 950 4392 predictum
984 4331 1037 4394 per
1066 4319 1225 4394 presentes
1265 4319 1497 4397 possessionem

189 4409 333 4471 «tmuium
366 4407 521 4470 bonorum
557 4407 767 4490 predictorum
795 4427 881 4470 nunc
910 4409 948 4472 de
976 4429 1060 4472 novo
1089 4409 1149 4472 sibi
1178 4413 1376 4477 venditorum
1407 4418 1497 4479 iuxta
1609 4443 1612 4446 ·

189 4506 319 4570 modum
347 4512 379 4567 et
402 4506 536 4567 formam
563 4505 724 4590 prelibatis
748 4512 780 4568 et
801 4507 1067 4590 quemadmodum
1092 4509 1129 4570 ad
1152 4529 1209 4572 nus
1231 4519 1304 4574 ante
1325 4513 1494 4595 predictam
