3525 5209
465 406 760 463 Urkundeubucbder
778 407 861 462 Stadt
879 408 985 463 Erfurt
1022 408 1061 466 11.
1080 409 1166 467 Theil.
1437 410 1469 463 37

155 576 349 639 nuncquam
384 558 449 621 ullo
478 562 618 641 tempere
644 560 760 623 nostris
787 560 882 642 septis
911 559 1073 622 includere
1098 561 1272 642 poterimus
1299 578 1356 623 seu
1378 559 1471 623 debe-

156 654 270 719 bimus
303 656 461 739 inplicare.
504 655 737 720 Ooncesseruut
765 657 864 721 eciam
894 663 926 719 et
953 656 1136 733 voluerunt,
1167 658 1252 740 quod
1282 677 1341 721 nos
1369 662 1471 721 certas

155 772 315 835 personas
344 755 460 817 nostris
487 756 727 819 necessitatibus
753 759 964 838 congruentes
991 756 1022 818 iu
1052 757 1155 829 cirria.
1182 775 1244 837 que
1271 757 1331 818 sita
1357 763 1405 819 est
1430 775 1471 819 ex

154 857 306 938 opposito
333 856 554 937 choriambi,
585 874 680 938 quarn
704 854 863 937 quondam
886 852 1072 933 llycblindis
1093 854 1176 916 dicta
1196 852 1350 937 Kapuzen
1369 855 1473 917 tenuit

156 960 191 1016 et
211 953 361 1036 possedit,
383 956 511 1037 quando
532 954 624 1019 uobis
641 952 788 1035 expedire
806 951 973 1029 videbitur,
989 951 1091 1014 locare
1109 951 1279 1031 valeamus,
1299 952 1345 1013 sie
1357 944 1472 1029 tamem

157 1050 248 1133 quod
276 1050 316 1113 de
343 1054 413 1134 ipsa
437 1054 527 1115 curia
550 1053 659 1115 omnia
685 1053 755 1114 iura
780 1051 917 1113 civitatis
942 1048 1047 1112 debite
1075 1054 1106 1111 et
1134 1055 1284 1112 consueta
1310 1051 1471 1113 acaciam

157 1151 286 1212 exactio
309 1149 347 1212 de
369 1150 578 1233 quadraginta
601 1150 714 1212 marcis
733 1149 804 1231 puri
825 1149 955 1231 argenti,
977 1146 1015 1209 ad
1036 1164 1116 1229 quas
1139 1146 1248 1209 eadem
1264 1149 1473 1211 curiataxata

158 1248 282 1327 existit,
322 1249 443 1329 integre
475 1249 702 1332 persolvantur.
755 1245 985 1309 Inhabitatores
1017 1246 1117 1307 eciam
1148 1264 1206 1308 seu
1237 1245 1472 1310 inhabitatrices

157 1345 307 1409 eiusdem
336 1346 424 1409 cirria
450 1348 522 1409 iura
542 1352 573 1409 et
595 1345 732 1408 civitatis
754 1362 850 1407 onera
872 1342 1142 1426 quemadmodum
1165 1348 1196 1405 et
1217 1344 1302 1406 cives
1324 1342 1378 1407 alii
1398 1364 1469 1427 sup·

163 1444 346 1527 portabunt.
390 1443 424 1506 ln
455 1462 591 1527 quorum
613 1448 791 1507 restaurunr
813 1446 844 1504 et
862 1460 919 1523 pro
940 1460 1133 1523 reconpansa
1152 1460 1267 1504 census
1287 1442 1387 1522 illius,
1416 1444 1470 1523 qui

159 1543 219 1605 irie
252 1542 426 1623 vulgariter
455 1542 642 1625 appellatur,
673 1560 731 1604 nos
768 1540 916 1603 tredecim
956 1558 1078 1601 marcas
1103 1540 1175 1619 puri
1203 1539 1326 1620 argenti
1352 1540 1472 1603 civitati

162 1640 349 1703 Erlordensi
382 1660 437 1723 per
467 1647 591 1703 nostros
622 1688 658 1703 ..
690 1643 906 1722 procuratores
936 1637 1171 1719 assignavimus
1201 1642 1233 1699 et
1263 1636 1471 1701 satisfecimus

161 1738 343 1821 plonimode
363 1738 402 1801 de
425 1738 552 1802 eisdem.
587 1738 722 1819 Insuper
744 1757 802 1801 nos
822 1738 928 1799 cunas
950 1735 1037 1813 illas,
1059 1734 1203 1797 videlicet
1222 1736 1354 1811 curiam,
1375 1755 1471 1819 quam

165 1836 229 1897 iam
253 1837 451 1917 procuratrix
470 1840 577 1899 nostra
595 1834 755 1913 inhabitat,
772 1840 802 1897 et
815 1834 936 1897 curiam
955 1832 1146 1914 contiguam,
1159 1852 1253 1915 quam
1269 1832 1428 1915 quondam
1447 1882 1472 1896 ..

164 1952 292 1996 sorores
319 1932 358 1995 de
380 1932 501 1997 llmene
527 1931 755 2010 inhabitabant,
781 1950 818 1993 ae
838 1931 958 1994 curiam
981 1929 1109 1993 domine
1130 1930 1169 1996 de
1188 1929 1357 2010 Tuncdorf‚
1379 1932 1471 1995 sitam

162 2032 257 2095 iuxta
278 2032 400 2095 citriam
422 2030 532 2095 Jacobi
555 2030 594 2093 de
615 2030 686 2103 Seu,
707 2028 892 2105 eternium,
913 2047 1009 2109 quam
1032 2027 1204 2091 Katherina
1225 2028 1291 2091 filia
1312 2029 1471 2112 quondam

163 2129 352 2210 Reyubarili
383 2130 422 2193 de
452 2131 551 2213 Aquis
575 2133 606 2191 et
628 2146 715 2191 soror
743 2127 845 2209 ipsius
873 2125 956 2188 dicte
982 2125 1032 2189 die
1053 2125 1207 2190 Mouchen
1230 2127 1473 2208 inhabitantes

161 2229 286 2289 curiam
316 2225 445 2289 domine
472 2226 510 2289 de
531 2226 700 2309 Egenstete
719 2226 753 2288 in
774 2224 877 2308 platea
897 2224 980 2287 dicta
1000 2223 1050 2287 die
1067 2223 1281 2308 Weitergaaze
1302 2226 1389 2306 sitas,
1415 2246 1474 2289 nec

161 2344 227 2387 non
255 2325 377 2387 curiam
405 2325 533 2387 domine
559 2324 615 2387 der
637 2322 803 2403 Altrymon
825 2321 943 2385 ibidem
965 2323 1056 2385 sitam
1078 2328 1110 2385 et
1130 2341 1241 2386 omnes
1261 2322 1338 2387 alias
1358 2324 1474 2405 curias,

162 2442 245 2504 quas
273 2428 346 2483 actu
376 2422 438 2485 iam
470 2420 636 2497 habemus,
664 2427 753 2484 extra
780 2426 868 2504 septa
889 2420 1018 2484 claustri
1042 2421 1139 2483 nostri
1161 2421 1237 2485 foris
1257 2422 1415 2486 civitatem
1439 2424 1472 2486 in

162 2519 329 2583 suburbiis
355 2524 461 2583 tamen
487 2525 518 2581 et
545 2519 578 2581 in
597 2520 722 2582 civitate
743 2517 924 2581 liriordeusi
947 2519 1036 2596 sitas,
1064 2538 1256 2603 quacunque
1277 2522 1403 2583 racione
1422 2522 1472 2584 vel

161 2616 267 2697 tytulo
288 2616 415 2679 easdem
437 2622 616 2679 teneremus
637 2623 710 2679 ante
731 2616 846 2679 festum
867 2614 951 2678 beati
974 2614 1167 2695 Mycbahelis
1187 2618 1369 2699 proximum
1393 2624 1425 2681 et
1446 2621 1473 2681 si

162 2735 245 2797 quas
267 2715 346 2778 alius
367 2715 473 2777 curias
496 2716 620 2777 racione
642 2720 672 2777 et
693 2714 795 2795 tytulo
813 2712 969 2795 predictis
991 2714 1080 2776 iuxta
1096 2715 1147 2777 ius
1164 2720 1195 2777 et
1208 2716 1471 2779 consuetudinem

163 2814 302 2877 civitatis
330 2810 529 2875 Erfurdensis
557 2830 699 2877 essemus
725 2813 757 2873 in
789 2814 947 2893 posterum
970 2811 1206 2894 quomodolibet
1227 2812 1380 2894 habituri,
1404 2814 1473 2878 illas

162 2912 246 2975 infra
279 2929 401 2973 anniam
437 2916 468 2973 et
499 2910 580 2973 diem
609 2931 627 2973 a
653 2915 791 2993 tempore
820 2907 1028 2973 assecutiouis
1053 2908 1202 2972 continue
1228 2912 1474 2992 numerandum,

164 3008 302 3073 rendere
332 3026 388 3091 per
414 3014 537 3071 nostros
559 3014 776 3092 procuratores
798 3006 983 3071 debebimus
1005 3012 1037 3069 et
1056 3012 1202 3071 tenemur
1221 3008 1290 3072 sine
1311 3009 1382 3072 dolo
1403 3017 1433 3073 et
1455 3032 1474 3073 a

163 3106 257 3171 nobis
287 3106 414 3189 penitus
443 3104 588 3169 abdicare
613 3106 755 3189 personis
780 3102 897 3167 talibus
925 3111 956 3167 et
981 3105 1015 3167 in
1036 3124 1111 3167 eum
1132 3104 1252 3187 looum!‚
1274 3106 1330 3170 ubi
1349 3108 1420 3171 iura
1443 3115 1473 3171 et

163 3205 301 3268 civitatis
325 3222 422 3267 onera
445 3222 507 3265 non
528 3204 696 3286 depereunt
716 3203 766 3266 vel
787 3202 966 3285 aliqualiter
987 3202 1180 3282 minuantur,
1200 3204 1247 3266 sic
1266 3206 1366 3268 eciam
1388 3207 1472 3288 quod

166 3306 199 3366 in
221 3303 316 3365 dictis
338 3302 435 3364 curiis
457 3300 552 3364 nichil
573 3302 702 3365 omnino
727 3301 805 3363 iuris
827 3299 919 3363 nobis
939 3301 1133 3364 retineamus
1160 3307 1216 3365 aut
1236 3304 1349 3387 quovis
1370 3304 1473 3385 tytulo

164 3420 374 3465 reservemus.
418 3400 455 3463 In
484 3419 619 3483 quorum
647 3400 862 3461 testimonium
886 3398 968 3461 hano
989 3398 1122 3461 litteram
1146 3398 1258 3482 sigillis
1278 3401 1419 3483 gurdiani
1442 3407 1474 3465 et

163 3502 343 3563 conventus
379 3497 589 3581 predictorum
622 3496 774 3559 duximus
806 3494 1024 3558 roborandam.
1077 3493 1196 3560 Datum
1228 3517 1312 3560 anno
1344 3496 1473 3562 Domini

164 3594 457 3675 M⁰CCC⁰XXVH⁰‚
475 3594 553 3658 ΠΙΙο
575 3594 645 3659 Kal.
667 3593 837 3657 Februarii.

243 3714 257 3741 ⁸
277 3714 343 3771 On:
361 3716 446 3767 ortus.

164 3924 274 4008 1:327.
299 3922 417 4004 Mllrz
445 3923 501 4004 12.
1408 3921 1473 4003 55.

268 4058 443 4134 Friedrich,
466 4057 551 4121 Herr
571 4059 604 4120 iu
627 4057 841 4136 Hetdruupeu,
862 4057 1020 4137 tibertrrtpt
1039 4057 1106 4119 dem
1129 4055 1194 4118 Rae
1215 4076 1272 4118 von
1286 4056 1404 4137 Erfurt
1423 4056 1476 4118 die

267 4156 400 4221 monas
423 4156 649 4221 Vitatumscbeu
680 4155 780 4219 curer
808 4174 850 4219 au
871 4153 1023 4234 Daclrwip
1052 4174 1148 4234 peperi
1179 4155 1269 4217 cinea
1298 4152 1474 4235 jdbrlicben

268 4254 348 4317 Zius
369 4274 428 4317 von
448 4254 534 4317 einer
554 4252 638 4319 Urna
657 4253 803 4317 Ebdsser
823 4253 897 4315 oder
915 4252 1122 4331 thrrburper
1141 4250 1272 4315 Wetues.

321 4348 430 4424 {aaa
448 4370 475 4424 s.
494 4370 532 4423 sm
551 4369 613 4439 ruz.
626 4371 665 4425 sa.
676 4370 709 4427 A.
732 4386 768 4423 zo
787 4368 826 4423 ru.

249 4474 315 4538 Nos
336 4474 513 4539 Fridericus
535 4474 685 4538 dominus
706 4476 739 4538 in
753 4473 977 4558 Helderungen
1003 4475 1257 4556 recognoscimus
1278 4478 1386 4536 tenore
1403 4492 1474 4555 pre-

167 4576 306 4639 sentium
328 4570 452 4657 publice
474 4573 687 4657 protestando,
708 4572 792 4655 quod
815 4572 1052 4637 honorabilibus
1073 4574 1150 4635 viris
1173 4620 1199 4636 ..
1221 4573 1379 4654 magistris
1400 4590 1474 4633 con·
