3525 5209
524 357 756 415 Urkundenbuch
772 356 823 413 der
840 356 924 412 Stadt
941 355 1048 413 Erfurt.
1086 354 1126 412 11.
1139 352 1226 412 Thcil.
1435 354 1486 411 125

172 533 259 578 anno
280 517 429 596 poterunt
448 511 584 594 experiri
600 528 659 574 nec
668 511 883 594 experientur,
905 508 982 592 quid
999 511 1202 572 tractaverint
1219 515 1250 573 et
1265 529 1329 593 quo
1347 511 1485 574 tendant.

174 611 223 676 De
250 610 478 694 compositione
504 617 610 672 autem
631 608 753 672 domini
783 607 976 672 marchionis
1003 606 1083 668 nihil
1104 607 1196 670 vobis
1222 608 1334 672 scribo.
1376 609 1488 674 Sciatis

171 711 287 788 eciam,
308 708 394 792 quod
425 709 537 771 civitas
558 705 697 789 predicta
717 705 941 788 dampnificata
968 710 1016 768 est
1042 705 1077 766 in
1103 704 1311 769 conbustione
1339 707 1488 771 villarum

174 807 366 885 multarum,
391 807 426 869 in
454 805 679 887 exstirpatione
706 803 873 866 vinearum
901 808 932 866 et
960 803 1173 866 devastatione
1201 803 1365 868 fructuum
1394 811 1425 870 et
1454 807 1489 869 in

173 905 286 968 multis
315 904 386 968 aliis
416 902 488 988 plus
514 922 611 983 quam
637 900 676 964 ad
703 908 830 964 centum
859 900 948 964 milia
977 919 1153 964 marcarum
1181 903 1319 984 argenti,
1347 909 1378 966 et
1403 904 1489 986 quod

171 1004 280 1066 maius
297 1009 329 1066 et
356 1003 487 1084 gravius
514 1003 560 1064 eis
586 1005 686 1076 extat,
716 998 862 1062 videlicet
882 998 1041 1081 quomedo
1064 999 1166 1078 scitis,
1189 1000 1282 1081 quod,
1303 1001 1489 1084 quicunque

173 1101 272 1164 habet
294 1101 467 1182 potentiam
491 1098 537 1161 ibi
565 1097 799 1180 perseverandi,
826 1097 937 1179 recipit
963 1097 1009 1158 eis
1036 1115 1169 1178 aquam,
1198 1117 1253 1179 pro
1280 1117 1343 1180 qua
1374 1101 1490 1162 noticia

179 1199 293 1262 duent
324 1197 412 1260 mille
433 1215 564 1260 marcas.
604 1194 741 1278 insuper
762 1193 841 1256 feria
861 1199 974 1276 quarta
996 1193 1172 1257 antediem
1193 1193 1223 1256 b.
1248 1193 1345 1258 lllarie
1359 1195 1490 1280 *Magda-

173 1296 248 1360 lene
266 1297 360 1358 amici
381 1295 503 1358 domini
521 1293 704 1356 habuerunt
727 1311 802 1354 cnm
825 1292 903 1374 ipsis
931 1289 1113 1354 conflictum
1135 1293 1168 1354 in
1192 1291 1328 1374 Plurali,
1348 1295 1433 1376 quod
1455 1296 1489 1358 in

173 1392 302 1476 vulgari
315 1393 431 1456 dicitur
444 1391 500 1455 der
518 1391 619 1469 bruel,
640 1397 673 1454 et
688 1409 731 1454 ex
748 1391 794 1452 eis
806 1389 878 1472 plns
890 1409 985 1471 quam
999 1390 1162 1470 sexaginta
1172 1392 1290 1453 mortui
1301 1391 1492 1472 ceciderunt,

176 1491 253 1575 plus
283 1510 380 1573 quam
408 1489 545 1554 sedecim
576 1489 732 1552 bonorum
756 1488 924 1550 hominum
950 1487 1113 1569 captivati,
1142 1493 1173 1550 et
1197 1488 1308 1552 nullus
1336 1489 1375 1552 de
1402 1495 1490 1572 parte

177 1589 300 1652 domini
325 1587 369 1650 ibi
392 1587 519 1665 cecidit,
547 1587 609 1650 nisi
635 1585 723 1649 solus
750 1584 855 1663 miles,
881 1584 1024 1665 quinon
1053 1603 1223 1666 percussus
1243 1586 1359 1666 fuerat,
1380 1588 1490 1652 sedin

175 1686 316 1769 quodam
342 1685 458 1749 fossato
488 1704 544 1766 per
571 1703 720 1766 magnam
741 1701 921 1766 pressuram
949 1682 1061 1745 cecidit
1087 1683 1198 1747 attuit
1223 1683 1269 1746 ibi
1295 1685 1490 1750 submersus.

174 1783 221 1846 Et
245 1783 299 1846 alii
333 1801 444 1845 omnes
473 1789 650 1845 evaserunt
698 1778 861 1843 Dominus
878 1786 993 1852 tamen
1020 1800 1135 1863 magna
1161 1781 1297 1865 dampna
1321 1784 1431 1866 recipit
1457 1785 1491 1846 in

175 1882 270 1964 equis
298 1879 345 1944 ibi
371 1879 551 1944 interiectis.
594 1878 741 1942 Ceterum
771 1898 836 1942 non
863 1877 991 1958 dubito,
1018 1880 1096 1961 quin
1130 1899 1187 1942 vos
1214 1881 1427 1945 ammiremini
1452 1882 1491 1946 de

176 1988 245 2043 tam
266 1978 362 2062 plana
382 1983 414 2042 et
434 1978 571 2061 simplici
591 1978 817 2061 compositione
837 1982 869 2039 et
889 1981 1013 2058 recepta
1025 1996 1081 2060 per
1097 1977 1272 2058 dominum,
1293 1997 1368 2042 cum
1384 1985 1490 2042 tamen

174 2076 296 2140 ibidem
328 2075 474 2138 habuerit
500 2095 651 2157 magnum
674 2094 775 2157 posse.
816 2074 868 2136 Ad
891 2073 1123 2138 discutiendum
1145 2075 1330 2139 huiusmodi
1357 2077 1491 2141 dubium

175 2174 271 2236 vebis
297 2172 414 2252 scribe,
440 2173 525 2256 quod
555 2173 595 2234 ad
620 2173 832 2254 recipiendam
860 2173 1121 2250 compositionem
1147 2173 1312 2236 dominum
1338 2175 1384 2237 nil
1405 2174 1492 2238 aliud

177 2270 345 2348 compulit,
379 2272 441 2333 nisi
468 2270 663 2334 mutabilitas
684 2269 883 2347 marchionis,
906 2271 962 2352 qui
988 2270 1089 2334 multo
1115 2271 1297 2334 mutabilior
1326 2276 1374 2336 est
1396 2293 1491 2354 quam

176 2388 255 2453 pera
285 2366 458 2450 goukeleri‚
489 2369 612 2450 quein
641 2367 731 2431 nullo
757 2385 849 2450 opere
877 2367 943 2430 lixa
970 2375 1084 2430 manet
1137 2367 1246 2432 Eciam
1273 2371 1299 2432 si
1325 2369 1374 2433 fas
1411 2377 1494 2434 esset

177 2467 297 2544 dicere,
324 2466 419 2529 amici
438 2465 560 2528 domini
581 2485 750 2548 nunquam
771 2463 903 2530 fuerunt
924 2465 982 2528 tuti
1006 2465 1057 2528 vel
1081 2466 1157 2528 certi
1186 2466 1224 2529 de
1252 2467 1321 2547 hoc,
1353 2469 1432 2550 quin
1458 2470 1491 2530 in

177 2565 331 2626 continuo
352 2564 464 2626 timore
484 2571 596 2642 essent,
617 2563 702 2646 quod
722 2563 789 2645 ipse
805 2563 922 2626 faceret
941 2565 1200 2646 compositionem
1222 2583 1297 2627 cnm
1312 2563 1494 2629 Erlerdien-

180 2660 271 2724 sibus
284 2661 414 2725 excluso
431 2661 559 2723 domino
573 2666 603 2723 et
620 2661 752 2724 ecclesia
765 2659 962 2740 linguntur,
981 2669 1011 2724 et
1027 2681 1083 2744 per
1099 2661 1157 2724 hoc
1174 2682 1230 2746 per
1248 2664 1332 2726 viros
1353 2663 1494 2744 ydoneos

179 2761 313 2822 luerunt
333 2759 514 2842 premuniti.
537 2793 578 2802 -
598 2795 636 2803 -—
657 2793 695 2803 -

336 2874 470 2937 Βοώντων,
489 2875 561 2928 Aeto
578 2873 645 2942 imp.
664 2875 758 2928 salecto
775 2890 819 2932 m.
837 2874 914 2930 1041.

145 2975 151 2982 “
264 2979 274 3017 ¹
294 2979 377 3050 Vcrpl„
396 2979 439 3034 dic
457 2981 550 3048 obiqca
572 2979 720 3034 ornam
737 2996 781 3034 rar.
803 2983 854 3032 150
871 2997 899 3038 a,
919 2981 976 3034 151.

180 3186 302 3268 1336.
331 3185 583 3287 September
608 3186 670 3268 23.
1407 3191 1494 3274 lit.

282 3321 348 3384 Eira
377 3322 521 3402 pewisser
549 3320 708 3385 Nikolous
734 3323 876 3388 coloret
906 3345 1017 3388 ausser
1041 3321 1116 3390 iiber
1146 3325 1263 3390 cadmo
1278 3323 1385 3406 Diope
1414 3327 1496 3390 auca

281 3421 358 3482 tiber
384 3419 446 3482 den
474 3419 575 3499 Km'ep
601 3420 655 3483 des
679 3421 876 3503 Erzlrisclross
898 3421 1047 3486 Boldcio
1074 3441 1170 3503 pepon
1195 3425 1246 3486 die
1267 3423 1358 3488 Stcdt
1379 3423 1498 3506 Erfcrt

282 3536 327 3580 on
358 3517 413 3585 die,
440 3516 704 3596 &roccesheim
730 3517 912 3583 Gesmadterl
942 3539 996 3582 om
1023 3519 1218 3600 pdpstliclacn
1249 3520 1322 3604 Hof.

266 3669 306 3680 —-
325 3669 366 3682 --
387 3671 426 3682 -—
446 3633 527 3697 Item
539 3633 667 3697 domina
677 3636 904 3700 marchionissa
915 3638 1066 3720 antiqual
1078 3636 1236 3701 ordinavit
1247 3643 1277 3701 et
1287 3638 1360 3701 fecit
1370 3658 1496 3722 compo·

185 3733 333 3796 sitioncm
355 3732 439 3794 inter
461 3732 628 3796 dominum
648 3731 886 3814 Treverensem‚
916 3736 1129 3799 marchionem
1157 3735 1362 3817 Mysnensem
1388 3741 1420 3799 et
1438 3735 1497 3799 Er-

184 3829 381 3894 fordenses.²
407 3828 469 3904 Qui
478 3829 685 3894 Erfurdenses
698 3831 820 3896 dabunt
827 3832 955 3896 domino
967 3832 1152 3898 Trevercnsi
1163 3839 1194 3897 et
1204 3834 1377 3898 marchioni
1389 3834 1422 3897 in
1431 3840 1496 3897 toto

182 3947 239 4011 pro
255 3927 407 3991 omuibus
420 3929 577 4010 expensis,
588 3927 735 4012 dampnis
750 3936 782 3994 et
793 3951 849 4013 pro
860 3933 1087 4014 compositione
1099 3932 1206 3994 decem
1218 3931 1306 3994 milia
1316 3951 1495 3994 marcarum

185 4027 310 4107 argenti
338 4032 442 4108 preter
467 4025 617 4108 dampna,
645 4047 708 4111 que
734 4028 878 4092 fecerunt
904 4030 1031 4093 domino
1062 4029 1241 4093 Tievirensi
1267 4031 1301 4092 in
1331 4029 1445 4094 allodio
1466 4036 1497 4092 et

182 4123 216 4184 in
238 4123 366 4186 civitate
379 4121 572 4204 Ertordensi‚
592 4143 651 4190 sen
670 4131 795 4208 recepta
809 4125 872 4188 sibi
892 4133 922 4189 et
944 4127 1073 4192 ecclesie
1089 4125 1286 4208 Magnnlina
1308 4146 1345 4190 ac
1364 4129 1497 4210 antiqua

184 4222 316 4288 ecclesie
347 4222 535 4307 Magantine
568 4225 685 4290 debent
713 4228 881 4290 restituere
907 4228 1035 4292 domino
1065 4233 1096 4291 et
1121 4228 1251 4292 ecclesie
1273 4247 1330 4292 sue
1350 4229 1496 4312 predicte.

181 4319 264 4384 Item
294 4321 415 4399 sciatiS,
435 4322 531 4406 -quod
559 4324 671 4386 civitas
705 4325 843 4407 predicta
875 4325 1004 4390 obsessa
1039 4327 1101 4390 tuit
1140 4345 1196 4410 per
1228 4329 1346 4390 amicos
1376 4327 1496 4388 domini

183 4416 380 4482 Trevirensis
417 4421 472 4483 sed
504 4422 710 4503 personaliter
749 4443 814 4486 non
847 4424 910 4487 fuit
937 4424 995 4506 ibi,
1027 4431 1059 4489 et
1087 4444 1143 4508 per
1170 4426 1382 4488 marchionem
1414 4425 1496 4488 ultra

186 4515 349 4598 quindene
372 4519 523 4600 spacium.
548 4517 688 4582 Mamhio
707 4521 808 4584 iacuit
829 4541 903 4586 cnm
925 4524 1066 4596 exercitu
1088 4523 1201 4587 sucin
1223 4523 1360 4586 claustro
1379 4523 1497 4587 montis
