3525 5209
289 372 321 426 14
653 374 928 447 Geschichtsqnellen
945 376 995 479 dep
1013 378 1093 435 Prcv.
1106 381 1236 440 Snchaen

288 520 493 588 Bctcnhuseu
520 526 689 589 castrensis
713 526 747 589 in
768 524 939 592 Pasteberc
965 537 1113 614 utquam
1134 533 1241 615 plures
1261 533 1313 597 ulii
1334 532 1397 599 fide
1416 535 1515 619 digni.
1554 536 1592 601 Iu

283 623 512 703 ,premissorum
545 624 761 687 testimonium
789 635 965 708 presentem
995 628 1131 693 litteram
1160 629 1307 694 dedimus
1335 633 1437 715 sigillo
1458 632 1594 697 Ludclffi

286 718 325 781 de
347 718 575 801 Stuternbaym
594 720 781 803 sigillatam,
806 742 880 785 cum
903 724 1015 807 sigillis
1034 726 1087 789 alii
1109 730 1242 811 propriis
1261 748 1434 796 careamus.
1475 730 1593 795 Datum

285 834 369 975 {nuo
401 814 528 881 Domini
561 818 821 901 M0000ffl0,
841 822 873 883 in
901 824 1038 887 crastino
1058 822 1231 906 Katterinc,
1261 828 1348 910 quud
1366 828 1428 892 fuit
1448 828 1503 891 Vl.
1525 829 1594 893 Kal.

315 913 475 977 scombris.

286 1098 396 1183 1322.
423 1098 659 1182 liecembcr
687 1103 751 1184 lt).
1528 1112 1588 1194 21.

386 1268 507 1353 Raaott
533 1290 592 1333 von
621 1268 854 1335 Hercersleibca
884 1272 1002 1337 retunt
1029 1276 1089 1339 dus
1117 1276 1397 1359 Martiustrcspitcl
1418 1280 1456 1345 iao
1475 1229 1620 1363 It'rfurtv

383 1367 440 1431 ruit
451 1370 497 1431 48
507 1368 633 1431 Aclccm
654 1368 887 1433 Wiescndrades
896 1391 937 1435 au
949 1371 1129 1453 Rinpteben,
1151 1374 1261 1438 welche
1280 1398 1312 1438 es
1332 1397 1391 1440 von
1406 1376 1594 1445 tundata

383 1464 735 1645 ppcrpreprpppp‘pcbusiu,
762 1466 869 1531 dassen
891 1468 1043 1533 Buldem
1064 1472 1134 1535 und
1155 1470 1316 1551 Heinrich,
1335 1481 1476 1555 peccaut
1496 1476 1592 1541 Kirs-

435 1690 695 1748 manuduct.
794 1750 797 1757 Ι

363 1796 428 1859 Nos
453 1796 611 1862 Rudolfus
643 1799 681 1862 de
706 1798 955 1881 Herversleybin
985 1802 1242 1884 recognoscimus
1268 1821 1305 1865 ac
1330 1804 1481 1868 omnibus
1508 1806 1590 1869 hanc

282 1896 416 1959 litteram
437 1896 628 1978 inspecturis
648 1898 797 1980 cupimus
816 1896 883 1961 fore
904 1907 1025 1978 notum,
1046 1899 1131 1981 quod
1153 1901 1203 1961 vir
1222 1900 1374 1965 honestus
1393 1908 1426 1965 et
1437 1904 1590 1985 providus

280 1992 490 2057 Theodericus
518 1993 557 2056 dc
582 1991 842 2074 Weringeshusin
864 1994 903 2055 de
923 1994 1050 2075 speciali
1071 1994 1211 2075 licencia,
1230 1995 1337 2059 lavore
1361 1997 1409 2060 vel
1430 2017 1588 2063 consensu

281 2092 339 2154 viri
360 2091 473 2155 famosi
494 2090 637 2155 Heinrici
659 2091 698 2153 de
719 2088 982 2173 Weriugislruseu
1004 2091 1109 2155 fratris
1131 2094 1200 2172 sui,
1220 2094 1328 2174 immo,
1350 2101 1387 2158 ut
1406 2096 1513 2159 verius
1533 2104 1582 2161 cst

281 2194 346 2253 un‘a
377 2208 450 2252 cum
478 2188 546 2272 ipsc
567 2186 756 2252 Theoderico
783 2187 878 2251 irene
899 2207 960 2251 suc
982 2188 1123 2252 vendidit
1142 2208 1200 2253 scu
1221 2190 1433 2255 vendiderunt
1452 2194 1588 2259 mticua·

280 2287 383 2351 biliter
400 2294 431 2350 ct
449 2288 508 2350 rite
523 2292 647 2371 pratum
661 2304 718 2349 seu
732 2285 941 2369 quadraginta
952 2292 1062 2349 etcctc
1082 2306 1174 2371 agros
1195 2288 1341 2371 prativcs,
1362 2289 1447 2371 quod
1469 2291 1519 2354 vcl
1530 2294 1586 2374 qui

278 2386 429 2451 dicuntur
445 2386 479 2447 iu
497 2382 591 2467 vulgo
609 2384 821 2447 communiter
836 2382 894 2446 daz
915 2382 1082 2466 bagrabete
1103 2385 1193 2463 rieth,
1213 2385 1390 2469 parcialitcr
1410 2392 1442 2451 et
1457 2388 1585 2453 divisim

278 2483 423 2547 videlicet
453 2480 668 2566 provisoribus
695 2480 857 2563 hospitalis
887 2502 909 2543 a
926 2479 1054 2544 Martini
1074 2482 1107 2545 in
1129 2479 1273 2545 Erfurdia
1294 2502 1330 2545 ac
1352 2484 1419 2566 ipsc
1440 2484 1586 2567 hospitali

277 2582 407 2665 triginta
433 2586 465 2643 et
492 2580 572 2643 duos
598 2598 702 2662 agros,
730 2596 853 2641 necnon
875 2576 1025 2641 Heinrico
1046 2580 1156 2641 iuveni
1175 2580 1258 2643 dicto
1278 2578 1423 2644 Kirslach
1443 2582 1507 2646 civi
1528 2582 1584 2646 Er·

276 2680 416 2743 fordensi
443 2678 580 2743 sedecim
608 2696 699 2758 agros
727 2675 870 2765 eiusdem
900 2678 980 2759 prati
1008 2677 1059 2739 siti
1080 2680 1115 2739 in
1136 2679 1257 2761 campis
1277 2678 1352 2742 ville
1373 2677 1585 2761 Rinlreleybin

276 2782 435 2861 procerte
449 2777 583 2859 pecunia
605 2773 696 2839 dictis
719 2772 936 2837 venditoribus
958 2773 1125 2856 persoluta
1146 2774 1247 2855 nobis,
1269 2784 1304 2839 ut
1323 2778 1404 2841 iuris
1424 2783 1482 2858 est,
1502 2782 1586 2862 egris

276 2882 331 2939 aut
367 2879 456 2958 prato
495 2870 673 2956 supradicto
705 2872 857 2953 omnique
878 2872 951 2949 iuri,
982 2870 1067 2953 quod
1098 2872 1131 2933 in
1162 2872 1271 2936 eudem
1303 2881 1391 2957 pratu
1421 2875 1474 2938 vel
1501 2879 1587 2959 agris

275 2972 470 3052 habuerunt,
489 2971 587 3034 libere
608 2969 845 3033 reuunctiantes
866 2974 898 3031 et
925 2968 1122 3053 resignantes
1141 2970 1278 3033 eosdem.
1320 2970 1467 3055 Cumque
1485 2976 1583 3037 eciam

275 3072 360 3136 idem
381 3070 553 3135 Heinricus
574 3066 718 3131 Kirslach
740 3086 815 3129 suos
836 3066 971 3131 sedecim
994 3086 1086 3149 agros
1107 3074 1306 3149 prenarratcs
1329 3072 1462 3133 vendere
1479 3070 1585 3135 decre·

275 3170 386 3247 visset,
413 3186 467 3231 ecs
500 3186 597 3230 causa
629 3164 847 3228 continuitatis
878 3182 1026 3247 agrorum
1054 3165 1198 3227 omnium
1226 3165 1437 3247 predictorum
1466 3169 1584 3250 prefato

275 3264 419 3349 hospitali
450 3283 507 3328 seu
538 3260 754 3347 provisoribus
780 3262 881 3344 ipsius
911 3261 1062 3344 legittime
1088 3261 1230 3325 vendidit
1256 3280 1312 3345 pm
1339 3269 1424 3327 certa
1448 3267 1584 3347 pecunia

275 3382 402 3425 summa
432 3362 492 3425 sibi
522 3361 635 3424 traditu
669 3364 700 3421 ct
721 3358 831 3437 voluta,
860 3358 961 3434 nobis,
988 3365 1025 3421 ut
1043 3360 1095 3422 ius
1126 3358 1312 3441 postulabat,
1336 3360 1463 3424 eosdem
1491 3382 1584 3446 agros

274 3460 464 3542 resignando
485 3460 572 3521 omni
592 3474 720 3541 quoque
736 3456 808 3527 iuri,
828 3456 915 3539 quud
930 3456 1042 3519 habuit
1053 3458 1086 3518 in
1103 3457 1231 3536 eisdem,
1250 3457 1285 3519 in
1302 3460 1461 3540 presentia
1476 3466 1584 3523 nostra

275 3558 372 3620 libere
392 3556 612 3621 renuuctiavit
654 3554 695 3617 llt
714 3570 773 3615 nos
794 3552 832 3616 cd
854 3572 962 3636 preces
980 3554 1192 3636 predictorum
1204 3554 1338 3617 fratrum
1354 3555 1393 3618 de
1406 3554 1582 3639 weringis-

275 3656 378 3719 huscn
409 3662 440 3718 et
473 3654 547 3716 dicti
574 3652 718 3715 Heinrici
741 3650 886 3715 Kirslach
917 3660 1042 3735 pratum
1075 3655 1107 3716 in
1140 3660 1204 3715 tcto
1230 3652 1279 3715 vel
1308 3672 1399 3735 agros
1419 3672 1532 3717 omnes
1552 3663 1583 3717 et

276 3753 419 3836 singulos
436 3751 644 3834 supradictos,
668 3754 744 3833 putu
771 3749 980 3832 quadraginta
1005 3756 1037 3813 et
1056 3758 1126 3813 octo
1146 3768 1280 3813 numero
1301 3756 1507 3833 computatos,
1524 3752 1582 3834 qui

274 3850 312 3911 ud
335 3868 394 3911 nus
415 3850 484 3912 iure
508 3848 639 3912 dominii
668 3848 825 3931 pertinere
844 3847 1002 3924 dicuntur,
1029 3849 1191 3911 nominato
1216 3848 1362 3929 hospitali
1386 3849 1455 3911 sive
1477 3850 1582 3931 provi-

275 3948 401 4010 soribus
426 3948 526 4030 ipsius
547 3946 741 4009 contulimus
763 3950 795 4008 et
815 3946 848 4007 in
870 3943 1070 4027 presentibus
1090 3945 1284 4008 conferimus
1303 3946 1373 4007 iure
1394 3946 1581 4009 nuectario

275 4053 423 4127 perpetue
443 4044 658 4128 possidendus,
678 4042 834 4125 nobisque
850 4042 986 4105 solidum
1006 4062 1106 4105 unum
1123 4042 1364 4105 Erfurdcnsium
1378 4043 1580 4108 denariorum

272 4146 305 4205 iu
327 4150 414 4225 prato
437 4142 486 4206 vel
507 4144 591 4224 agris
612 4148 807 4205 reservantes
827 4140 948 4217 eodem,
968 4158 1063 4221 quem
1091 4142 1268 4221 provisores
1287 4140 1450 4223 hospitalis
1476 4143 1581 4225 ipsius

272 4240 407 4323 singulis
439 4242 533 4303 aunis
565 4241 648 4303 circa
682 4239 799 4301 festum
830 4256 852 4299 s.
876 4236 1061 4299 Michabelis
1086 4238 1252 4301 exsolvent
1276 4237 1369 4301 nobis
1396 4240 1578 4321 insignum

272 4358 388 4401 census
420 4336 598 4401 hereditarii
629 4336 787 4399 reservati.
850 4334 888 4395 ln
918 4353 1054 4415 quorum
1085 4336 1229 4397 omnium
1261 4336 1478 4399 testimonium
1510 4356 1579 4419 pre·

273 4437 442 4498 missorum
470 4455 529 4499 nus
558 4433 714 4497 Rudolfus
742 4431 943 4513 supradictus
969 4439 1145 4513 presentem
1176 4433 1322 4514 paginam
1349 4434 1486 4515 sepefato
1507 4435 1579 4497 luca·

272 4534 359 4617 piniti
383 4554 419 4596 ac
449 4531 664 4617 provisoribus
683 4530 784 4613 ipsius
795 4528 950 4591 tradimus
961 4534 1067 4591 nostro
1079 4529 1183 4614 sigillo
1194 4529 1327 4591 fideliter
1337 4532 1577 4597 communitam.
