3525 5209
292 374 326 429 58
652 373 925 445 Geschichtsquellen
944 374 994 429 der
1011 375 1088 429 Prev.
1102 373 1234 429 Sacheen.

292 526 449 605 terminis,
477 534 508 589 et
537 532 606 609 post
631 526 790 589 recessiun
817 545 926 589 eorum
952 526 1001 589 vel
1032 525 1161 589 alterius
1182 524 1355 587 eorundem
1375 525 1593 607 pertriduum

292 624 422 685 servetis
445 630 475 686 et
496 626 613 687 servari
634 625 754 688 faciatis
775 624 972 687 strictissime
993 622 1239 685 ecclesiasticum
1267 623 1482 697 interdictum,
1508 623 1593 705 qued

292 721 494 785 interdictum
516 722 618 785 taliter
638 722 788 785 volumus
812 728 843 785 ct
866 722 1059 803 precipimus
1085 721 1262 798 observari,
1292 722 1337 783 itu
1367 721 1451 802 quod
1481 723 1594 784 vestris

293 818 539 900 parrochialibus
577 819 665 883 nulla
701 820 886 883 ministretis
913 818 1123 881 ecclesiastica
1149 826 1344 881 sacramenta
1375 823 1478 900 preter
1504 820 1593 900 peni·

291 918 409 980 tencias
435 920 639 980 morientium
660 924 690 981 et
712 918 900 1000 baptismata
921 916 1141 999 parvulorum,
1162 916 1247 997 (praed
1269 918 1368 978 eciam
1390 916 1591 978 interdictum

290 1022 408 1079 extunc
429 1016 463 1078 in
477 1017 587 1079 vestris
607 1017 813 1091 monasteriis,
834 1014 975 1077 ecclesiis
993 1022 1023 1077 et
1041 1014 1213 1097 parmeniis
1229 1013 1594 1096 auetoritateapostolica

291 1113 438 1194 ponimus
459 1115 491 1175 in
514 1114 575 1175 biis
596 1114 732 1196 seriptiS,
752 1114 786 1175 in
808 1113 869 1176 hiis
891 1113 1087 1194 exequendis
1108 1112 1187 1175 alter
1206 1111 1341 1174 alterum
1362 1130 1426 1174 non
1449 1112 1594 1193 respiciat

292 1230 348 1271 nec
373 1218 540 1294 exspectet.
581 1210 712 1274 Reddite
734 1211 853 1273 litteras
873 1209 1025 1290 sigillatas
1052 1210 1086 1271 iu
1110 1212 1236 1291 signum
1256 1210 1594 1273 excommunicationis

292 1328 355 1385 ica,
378 1310 431 1390 qui
455 1329 550 1391 super
574 1308 632 1371 hoo
657 1309 779 1372 fueritis
809 1308 971 1391 requisiti,
997 1326 1053 1387 per
1074 1328 1130 1369 ros
1151 1307 1240 1369 facte.
1288 1304 1407 1369 Datum
1432 1308 1466 1369 in
1492 1316 1593 1370 castro

291 1406 507 1490 tiodensperg,
527 1407 724 1470 coloniensis
751 1407 898 1485 diocesis,
921 1426 1006 1468 anno
1028 1404 1157 1468 Domini
1179 1404 1346 1469 millesimo
1375 1407 1594 1469 trecentesimo

293 1505 439 1567 vicesimo
460 1524 552 1585 neno,
573 1504 650 1568 Idus
671 1504 870 1588 Septembris.

291 1759 400 1842 1329.
429 1760 679 1862 September
704 1764 769 1849 26.
1531 1758 1592 1840 te.

389 1930 564 2008 Hermann,
590 1932 675 2014 Graj
695 1954 752 1995 oon
777 1932 932 2009 Gleielrea,
952 1932 1110 2011 iiberlrdpt
1130 1930 1198 1993 dem
1219 1928 1285 1992 Rut
1304 1948 1345 1993 mr
1366 1928 1484 2009 Erfurt
1506 1931 1595 1991 einen

390 2028 463 2111 Hof
478 2030 547 2093 end
566 2031 641 2094 azoel
662 2030 774 2112 Helm
794 2052 835 2095 em
852 2030 992 2096 Weisess.

442 2181 487 2235 Or.
505 2182 555 2235 mit
572 2182 598 2237 S.
618 2184 655 2235 im
673 2182 736 2251 Kpl.
747 2182 785 2240 St.
797 2184 831 2239 A.
847 2199 882 2235 zu
901 2181 940 2234 M.

370 2318 436 2383 Nos
467 2320 685 2399 Hermanuus,
720 2320 781 2386 Dei
813 2324 913 2406 gratia
942 2342 1047 2385 comes
1081 2324 1113 2385 in
1146 2321 1296 2395 Glicben,
1335 2322 1591 2403 recognoscimus

291 2414 415 2498 publice
448 2436 505 2501 per
529 2426 705 2501 presentes,
733 2421 817 2502 qirod
847 2420 927 2483 duos
960 2440 1086 2483 mansos
1115 2422 1148 2481 in
1178 2421 1297 2501 campis
1331 2417 1405 2480 ville
1436 2425 1466 2481 et
1495 2438 1592 2480 unam

291 2516 412 2577 citriam
439 2516 472 2577 in
500 2517 576 2578 villa
598 2516 752 2598 Wepscze
781 2520 873 2597 sitos,
904 2519 1061 2581 solventes
1087 2520 1147 2580 tn'a
1172 2517 1288 2580 talenta
1315 2516 1516 2579 denariorum
1538 2514 1596 2577 Er—

292 2611 485 2675 ferdensium
508 2613 654 2694 legalium
683 2623 713 2677 et
742 2615 911 2690 bonorum,
933 2635 1071 2698 quorum
1093 2617 1281 2677 talentorum
1301 2614 1470 2677 Bertoldus
1494 2614 1596 2676 dictus

295 2706 380 2771 Kndt
403 2710 582 2793 quindecim
606 2714 722 2776 solidos
744 2714 781 2775 de
802 2712 931 2775 dimidio
954 2733 1075 2792 manse,
1089 2760 1115 2775 ..
1136 2713 1238 2775 dictus
1254 2710 1401 2774 Bisschot'
1414 2711 1596 2795 quindecim

293 2806 408 2869 solidos
434 2806 471 2869 de
497 2810 627 2872 dimidio
650 2830 773 2889 manso,
799 2810 983 2873 Guntherus
1014 2812 1117 2873 dictus
1144 2809 1249 2872 Rache
1274 2809 1312 2871 de
1334 2809 1462 2872 dimidio
1485 2828 1595 2871 manso

250 2892 253 2903 '
293 2904 472 2984 quindecim
496 2907 611 2971 solidos
632 2916 662 2971 et
684 2906 847 2971 Conradns
870 2909 973 2970 dictus
995 2908 1032 2970 de
1051 2906 1268 2970 Grabisleibeu
1291 2907 1456 2969 duodecim
1479 2906 1594 2969 solidos

291 3002 329 3063 de
352 3002 481 3066 dimidio
508 3024 619 3068 manso
648 3012 678 3068 et
706 3014 768 3069 tres
801 3006 917 3067 solidos
945 3006 983 3067 de
1009 3024 1075 3067 una
1098 3007 1186 3067 curia
1207 3006 1274 3067 sive
1295 3005 1426 3088 pistrino
1449 3024 1513 3067 uno
1535 3004 1596 3067 sol-

291 3105 383 3176 vunt,
415 3102 559 3165 videlicet
590 3104 723 3165 mediam
757 3112 874 3185 partem
905 3105 937 3165 in
969 3104 1046 3165 t'esto
1075 3104 1174 3164 sancti
1197 3100 1381 3164 bliebubelis
1409 3107 1440 3164 et
1460 3101 1594 3164 mediam

291 3210 408 3276 partem
441 3200 472 3261 in
503 3199 580 3263 l'esto
613 3210 718 3263 sancte
738 3200 921 3283 Walpurgis
947 3202 1126 3277 eurmatim,
1156 3219 1235 3281 quos
1262 3200 1389 3282 quidem
1417 3219 1545 3261 mansos
1568 3206 1597 3262 et

291 3296 411 3357 curiam
434 3296 596 3361 Gotlridus
622 3298 659 3361 de
680 3298 765 3361 Nara
796 3300 932 3380 armiger
953 3318 971 3360 a
992 3298 1084 3359 nobis
1106 3300 1137 3358 in
1160 3298 1290 3359 feudum
1313 3298 1416 3359 tenuit
1441 3296 1598 3379 nobisque

293 3390 387 3455 libere
409 3400 440 3456 et
459 3395 610 3477 legittime
631 3397 810 3477 resignarit,
831 3396 1068 3479 adpetitionem
1088 3395 1229 3457 eiusdem
1245 3394 1376 3456 Gotlridi
1389 3394 1597 3477 prudentibus

294 3490 368 3552 viris
390 3497 420 3554 et
440 3491 579 3555 honestis
602 3494 758 3575 magistris
779 3494 965 3569 consulum,
986 3492 1171 3555 consulibus
1193 3499 1222 3554 et
1245 3494 1442 3554 universitati
1463 3492 1598 3554 civitatis

292 3586 489 3651 Erfordensis
522 3590 559 3652 ad
596 3592 849 3653 anniversarium
889 3591 969 3652 bone
1008 3591 1156 3652 memorie
1187 3589 1346 3671 quondam
1377 3588 1528 3651 lobannis
1560 3589 1598 3651 de

292 3684 419 3749 Ramsla
446 3689 659 3769 peragendum
683 3690 972 3772 appropriavimus,
993 3688 1230 3771 appropriamus
1249 3695 1278 3747 et
1301 3689 1462 3769 proprium
1485 3686 1598 3749 damus

292 3802 347 3864 per
376 3790 550 3865 presentes
582 3786 677 3848 nichil
708 3788 786 3849 iuris
819 3786 910 3848 nobis
938 3788 971 3847 in
998 3786 1117 3846 mansis
1145 3792 1175 3846 et
1203 3786 1291 3846 curia
1317 3785 1444 3866 prefatis
1472 3786 1598 3867 penitus

291 3888 495 3945 reservantes.
538 3882 572 3945 ln
602 3902 736 3966 quornm
766 3883 982 3946 testimonium
1010 3887 1184 3965 presentem
1209 3882 1345 3944 litteram
1366 3889 1473 3945 nestro
1495 3882 1597 3964 sigillo

292 3978 404 4042 ‹lanrus
426 3982 662 4045 communitam.
704 3980 810 4045 Testes
837 3988 944 4043 antem
965 3982 1061 4042 liuius
1083 3986 1173 4042 suut:
1202 3978 1323 4041 nobiles
1345 3981 1405 4041 viri
1426 3978 1598 4042 Heinrieus

293 4076 510 4140 vicedominus
537 4078 575 4142 de
597 4078 759 4156 Witterde,
786 4088 893 4142 noster
921 4078 1111 4141 castellanus
1134 4078 1167 4139 in
1191 4076 1342 4156 Gliehon,
1375 4078 1526 4139 Albertus
1558 4077 1596 4139 de

293 4173 461 4255 Witterde,
489 4178 619 4254 militeS,
647 4176 799 4239 Albertns
819 4177 922 4239 dictus
944 4176 1112 4251 Edelman,
1140 4174 1299 4237 Henricus
1326 4174 1364 4237 de
1391 4173 1546 4257 Kongisse
1567 4182 1597 4237 et

291 4272 343 4333 alii
365 4292 460 4354 quum
482 4273 589 4356 plures
610 4274 670 4338 lide
692 4276 785 4357 digni.
824 4273 942 4337 Datum
963 4293 1045 4335 anne
1059 4272 1186 4334 Domini
1209 4270 1485 4352 M⁰CCC⁰XXIX⁰‚
1508 4280 1596 4335 sexto

294 4368 359 4431 Kal.
387 4368 542 4447 Octobris,
574 4372 718 4435 ‘videlieet
750 4374 845 4435 tercia
878 4372 955 4434 feria
986 4377 1058 4433 ante
1088 4370 1170 4432 diem
1203 4372 1302 4432 sancti
1337 4369 1528 4433 Michahelis.
1561 4407 1595 4413 --

292 4468 594 4555 superscriptionem
617 4470 713 4533 buius
733 4469 878 4533 vocabuli
903 4469 1074 4532 solidorum
1097 4466 1294 4557 presentibus
1313 4466 1532 4553 approbamus.
