3525 5209
282 412 335 467 722
640 406 914 480 Geschichtsquellcn
935 408 984 463 der
1003 406 1225 466 Prouflechscn.

276 586 279 592 ¹
364 561 544 628 Bonifatius
554 561 729 644 episcopus,
744 580 856 624 servus
871 580 1036 625 servorum
1048 559 1117 639 Dei,
1133 560 1255 624 dilectis
1265 559 1341 624 filiis
1351 558 1595 643 proconsulibus

284 669 315 728 et
343 660 529 726 consulibus
557 679 594 722 ac
624 659 758 742 singulis
788 658 934 724 officiatis
961 659 1084 722 consilii
1116 663 1172 722 aut
1201 659 1241 720 ad
1269 660 1376 744 ipsum
1408 658 1595 722 consulatus

284 761 425 826 officium
466 759 624 841 deputatis
659 763 690 821 et
723 776 834 821 eorum
870 756 1027 821 uxoribus
1064 757 1150 840 opidi
1180 755 1382 820 Ertordensis
1412 755 1493 840 Mag.
1515 757 1594 819 dioc.

285 859 468 924 salutemet
489 855 691 940 apostolicam
714 854 975 920 benedictionem.
1007 854 1194 919 Devctionis
1216 862 1319 920 vestre
1340 856 1504 919 sinceritas
1525 875 1594 938 pro-

287 964 439 1036 meretur,
464 963 502 1020 ut
528 955 609 1018 votis
634 955 747 1018 vestris
768 955 802 1017 in
823 954 886 1017 hiis
905 955 1086 1037 presertim,
1117 973 1180 1036 que
1199 954 1237 1017 ad
1262 961 1438 1018 vestrarum
1460 954 1594 1018 salutem

285 1059 465 1122 animarum
492 1053 601 1117 cedere
627 1051 766 1131 valeant,
795 1059 952 1135 quantum
983 1071 1056 1116 cum
1079 1051 1146 1116 Dec
1167 1072 1354 1134 possumus,
1382 1051 1595 1116 favorabiliter

285 1173 476 1220 annuamus,
523 1150 653 1214 Dudum
683 1150 840 1233 siquidem
867 1151 968 1214 felicis
995 1150 1221 1215 recordationis
1250 1151 1400 1215 Urbanus
1427 1171 1508 1234 papa
1530 1150 1595 1229 vl,

286 1255 489 1338 predecessor
516 1256 637 1330 noster,
662 1269 703 1312 ex
730 1251 824 1314 certis
844 1249 1087 1314 rationabilibus
1106 1252 1225 1330 causis,
1245 1251 1285 1314 ad
1306 1251 1339 1313 id
1359 1252 1431 1314 eius
1451 1251 1594 1314 animum

286 1350 505 1427 moventibus,
534 1349 572 1414 de
604 1348 736 1412 consilio
768 1349 863 1412 etiam
896 1349 1030 1411 fratrum
1060 1367 1209 1428 suorum,
1240 1351 1280 1412 de
1302 1367 1439 1431 quorum
1461 1367 1596 1412 numero

287 1458 364 1516 tunc
394 1469 535 1528 eramus,
570 1455 601 1512 et
626 1446 796 1530 apostolice
822 1448 985 1530 potestatis
1013 1447 1210 1528 plenitudine
1235 1449 1357 1525 statrrit,
1388 1452 1425 1510 ut
1452 1448 1596 1510 universi

286 1547 506 1614 christifideles
541 1565 614 1610 vere
650 1547 826 1628 penitentes
864 1552 895 1608 et
929 1545 1080 1616 confessi.
1115 1547 1172 1628 qui
1202 1546 1237 1608 in
1266 1564 1352 1608 anno
1383 1565 1402 1607 a
1433 1545 1597 1608 nativitate

288 1651 418 1718 Domini
440 1649 540 1714 nostri
562 1647 656 1712 ihesu
679 1646 772 1710 Oristi
801 1646 969 1710 millesimo
990 1647 1209 1712 trecentesimo
1230 1644 1436 1726 nonagesimo
1457 1645 1596 1706 instante

290 1759 367 1815 tunc
396 1751 505 1813 futuro
531 1753 561 1810 et
586 1746 736 1830 deinceps
762 1747 922 1829 perpetuis
951 1745 1147 1828 temporibus
1168 1744 1207 1806 de
1229 1743 1355 1825 triginta
1379 1741 1482 1806 tribus
1502 1743 1597 1805 annis

287 1839 326 1913 in
344 1849 473 1930 triginta
495 1851 558 1910 tres
579 1864 681 1908 annos
703 1842 867 1908 beatorum
889 1844 1103 1926 apostolorum
1118 1843 1204 1906 Petri
1226 1846 1257 1904 et
1277 1839 1370 1904 Pauli
1392 1839 1539 1904 basilicas
1559 1862 1596 1903 ac

289 1949 532 2012 lateranensem
576 1950 606 2006 et
648 1949 755 2007 sancte
797 1940 896 2006 Maris
937 1943 1068 2006 maioris
1109 1941 1258 2005 ccclesias
1298 1940 1337 2002 de
1377 1938 1457 2002 urbe
1499 1959 1596 2002 causa

288 2047 467 2111 devotionis
489 2044 667 2122 visitarent,
687 2042 901 2125 plenissimam
926 2042 1069 2104 omnium
1092 2046 1292 2124 peccatorum
1315 2057 1447 2102 suorum
1470 2039 1595 2102 veniam

289 2152 570 2227 consequerentur,
588 2142 632 2205 ita
644 2139 797 2219 videlicet,
818 2147 852 2203 ut
864 2141 1051 2223 quicunque
1067 2139 1161 2202 vellet
1170 2137 1353 2200 huiusmodi
1366 2137 1595 2220 indulgentiam

287 2245 431 2327 assequi,
453 2242 481 2306 si
501 2239 666 2304 Romanus
687 2239 724 2302 ad
747 2240 856 2302 minus
877 2239 1007 2321 triginta
1027 2238 1189 2302 continuis
1209 2236 1258 2298 vel
1281 2236 1477 2318 interpolatis
1497 2236 1595 2300 semel

286 2343 398 2407 saltem
428 2342 462 2404 in
492 2340 553 2418 die,
582 2339 610 2401 si
638 2355 713 2402 vero
740 2339 927 2420 peregrinus
954 2345 1009 2400 aut
1038 2337 1173 2400 forensis
1194 2336 1356 2412 existeret,
1383 2335 1479 2398 modo
1500 2335 1596 2399 simili

288 2439 470 2524 quindecim
496 2437 608 2502 diebus
634 2436 671 2498 ad
698 2435 824 2500 easdem
851 2435 997 2498 basilicas
1025 2441 1057 2498 et
1083 2433 1231 2497 ecclesias
1259 2433 1407 2497 accedere
1429 2440 1597 2512 teneretur,

286 2544 381 2623 prout
410 2539 442 2599 in
473 2536 548 2599 dicti
576 2535 805 2618 predecessoris
831 2534 944 2598 litteris
972 2532 1046 2596 iude
1073 2533 1225 2596 contectis
1253 2531 1376 2614 plenius
1406 2533 1595 2597 continetur.

287 2637 367 2702 Cum
395 2641 519 2714 autem,
546 2635 630 2698 sicut
658 2631 799 2696 exhibita
825 2633 919 2696 nobis
947 2651 1050 2715 nuper
1075 2651 1131 2715 pro
1157 2635 1245 2714 parte
1268 2635 1371 2692 vestra
1392 2631 1501 2713 petitio
1523 2651 1596 2694 con-

286 2735 421 2814 tinebat,
458 2753 515 2796 vos
555 2751 595 2796 ex
634 2730 788 2810 singulari
826 2731 1004 2794 devotionis
1041 2730 1165 2793 fervore
1205 2729 1351 2792 basilicas
1385 2734 1415 2792 et
1446 2730 1595 2793 molesios

287 2835 455 2918 predictas,
497 2837 532 2894 ut
571 2829 801 2910 indulgentiam
833 2827 1018 2892 huiusmodi
1052 2829 1179 2910 assequi
1211 2829 1362 2910 possetis,
1400 2829 1434 2890 in
1463 2830 1597 2911 propriis

286 2934 430 3017 personis
465 2929 600 2994 libenter
639 2928 824 3007 visitaretis,
860 2928 916 2991 sed
950 2929 1027 3010 quia
1064 2929 1159 2990 certis
1197 2927 1236 2990 de
1267 2928 1373 2990 causis
1404 2926 1595 2990 desiderium

287 3035 428 3094 vestrum
456 3027 641 3091 huiusmodi
669 3026 834 3090 commode
854 3025 1028 3109 adimplere
1049 3045 1114 3090 non
1136 3026 1281 3109 potestis,
1306 3045 1363 3108 pro
1384 3032 1472 3108 parte
1493 3032 1598 3092 vestra

289 3129 380 3192 nobis
410 3127 471 3190 fuit
502 3125 663 3189 humiliter·
692 3124 920 3208 supplicatum,
955 3129 992 3188 ut
1022 3143 1118 3206 super
1147 3125 1207 3187 boc
1240 3123 1330 3187 vobis
1360 3125 1526 3207 providere
1558 3125 1596 3188 de

287 3227 481 3308 benignitate
517 3222 688 3308 apost-elica
726 3224 939 3306 dignaremur.
994 3221 1061 3286 Nos
1099 3223 1213 3304 igitur,
1255 3223 1395 3286 volentes
1433 3243 1490 3286 vos
1530 3243 1598 3306 pre

287 3325 457 3388 missorum
475 3323 594 3386 intuitu
611 3320 774 3386 lovenbus
785 3323 935 3404 prosequi
946 3322 1101 3405 gratiosis,
1116 3321 1300 3384 huiusmodi
1312 3321 1598 3403 supplicationibus

287 3423 447 3502 inclinati,
470 3428 505 3484 ut
526 3418 701 3501 confessor,
723 3439 816 3502 quem
840 3418 974 3503 quilibet
992 3427 1133 3484 vestrum
1155 3419 1194 3482 ad
1210 3419 1243 3482 id
1260 3419 1388 3482 drrxen't
1407 3419 1599 3502 eligendum,

288 3521 379 3584 vobis
410 3521 594 3584 auctoritate
620 3519 793 3602 apostolica
821 3519 992 3588 concedere
1020 3519 1139 3594 valeat,
1164 3519 1249 3601 quod
1277 3536 1350 3581 vere
1371 3519 1548 3601 penitentes
1568 3526 1599 3584 et

288 3620 425 3683 contessi
454 3617 685 3700 indulgentiam
717 3617 902 3680 huiusmodi
934 3617 1062 3698 assequi
1095 3617 1241 3695 valeatis,
1276 3619 1321 3679 ita
1353 3624 1474 3697 tamen,
1513 3618 1598 3701 quod

288 3720 371 3781 idem
401 3717 562 3780 confessor
589 3715 713 3778 labores
741 3721 772 3778 et
797 3733 967 3798 expensas,
997 3734 1078 3797 quos
1099 3714 1298 3798 pateremini,
1327 3717 1354 3778 si
1376 3722 1540 3798 propterea
1561 3717 1600 3779 ad

289 3817 400 3880 urbem
427 3817 599 3899 predictam
630 3813 796 3890 veniretis,
824 3815 856 3876 in
888 3813 949 3876 alia
975 3814 1099 3896 pietatis
1121 3833 1215 3896 opera
1237 3813 1327 3877 vobis
1348 3820 1538 3893 commutet,
1569 3822 1599 3878 et

287 3915 477 3993 oblationes,
504 3933 584 3996 quas
605 3912 643 3975 ad
666 3911 811 3975 basilicas
833 3919 864 3975 et
882 3911 1031 3975 ecclesias
1054 3913 1209 3994 predictas
1229 3911 1366 3975 oblaturi
1387 3912 1544 3991 fuissetis,
1572 3915 1598 3976 si

288 4015 327 4078 ad
355 4013 427 4076 illas
456 4012 661 4096 personaliter
689 4012 868 4090 venissetis,
896 4010 935 4074 ad
956 4029 1010 4074 eas
1029 4009 1164 4074 fideliter
1183 4017 1214 4074 et
1234 4012 1304 4074 sinc
1325 4011 1476 4074 dilatione
1497 4018 1600 4075 trans·

291 4113 428 4192 mittatis,
470 4116 501 4176 et
529 4110 599 4174 loco
631 4110 821 4174 visitationis
851 4107 1056 4173 basilicarum
1086 4116 1118 4172 et
1148 4109 1353 4172 ecclesiarum
1385 4109 1598 4194 predictarum

287 4211 410 4295 aliquas
432 4209 587 4287 ecelesias¹
620 4207 708 4272 robis
727 4227 782 4291 per
804 4208 926 4271 dictum
948 4207 1161 4271 confessorem
1184 4207 1395 4290 deputandas,
1417 4208 1598 4291 quindecim

287 4308 401 4374 diebus
443 4308 605 4371 continuis
636 4307 687 4370 vel
713 4307 911 4390 interpolatis
946 4305 1056 4370 saltem
1085 4305 1184 4370 semel
1214 4306 1247 4368 in
1280 4305 1331 4370 die
1363 4306 1446 4369 iufra
1478 4326 1599 4370 annum

287 4406 487 4486 huiusmodi,
516 4407 545 4472 si
571 4405 736 4470 commode
763 4405 920 4489 poteritis,
952 4405 1095 4487 alioquin
1117 4403 1200 4466 infra
1220 4404 1337 4467 festum
1359 4406 1600 4468 resurrectionis

289 4503 417 4570 Domini
454 4505 555 4568 nostri
596 4503 692 4568 ihesu
729 4503 844 4568 Christi
883 4504 1028 4586 proxime
1068 4503 1211 4566 futurum
1254 4504 1425 4567 teneamini
1464 4505 1601 4581 visitare,

288 4603 448 4665 devotioni
471 4609 571 4666 vestre
593 4608 701 4665 tenore
723 4605 917 4686 presentium
939 4601 1152 4685 indulgemus.
1194 4600 1283 4665 Nulli
1304 4621 1379 4685 ergo
1394 4622 1422 4665 o.
1439 4603 1470 4666 lr.
1486 4602 1506 4664 l.
1524 4602 1553 4666 h.
1570 4623 1599 4686 p.
