3525 5209
485 403 717 460 Urkundenbuch
735 404 784 459 der
801 404 886 459 Stadt
902 403 1010 459 Erfurt.
1046 404 1084 460 11.
1097 403 1183 458 'I'heil
1439 405 1494 460 139·

180 560 213 619 61
243 556 379 639 singulis
409 553 593 634 abbatibus,
628 556 802 640 prioribus,
829 557 1010 640 prepositis,
1040 556 1184 636 decanis,
1213 543 1491 639 archipresbyteris

181 655 372 731 camerariis,
394 653 545 738 plebanis,
565 654 778 737 viceplebanis
799 655 975 736 ceterisque
990 654 1113 717 clericis
1132 661 1163 717 et
1179 654 1266 718 laicis
1281 673 1337 736 per
1353 655 1491 736 preposi-

181 757 285 814 turam
330 751 460 814 acelesie
496 771 520 814 s.
549 750 649 814 Maria
681 751 893 815 Erlordiensis
921 754 1119 828 constitutis,
1151 763 1182 815 et
1213 751 1389 835 specialiter
1426 771 1492 814 ma-

180 850 329 931 gistratui
361 855 392 912 et
417 849 603 938 consulibus
632 851 828 934 scultetoque
849 852 986 914 civitatis
1009 857 1114 914 nostro
1139 849 1350 913 Eidordiensis
1371 850 1492 914 devotis

183 949 253 1010 sive
284 946 405 1010 dilectis
437 948 571 1012 salntem
603 957 634 1012 61
665 949 820 1012 sinceram
850 950 881 1011 in
911 947 1049 1012 Domino
1079 950 1248 1012 caritatem.
1296 947 1494 1030 Significavit

180 1044 274 1107 nobis
295 1043 487 1108 honorabilis
506 1047 556 1108 vir
571 1045 730 1110 Iohannes
752 1046 791 1109 de
809 1045 944 1125 treveri,
961 1047 1135 1110 canonicus
1152 1036 1369 1127 Magantinus,
1389 1053 1493 1109 vester

182 1149 214 1205 et
235 1142 318 1205 diota
343 1145 540 1226 prepositure
560 1145 748 1228 prepositus,
769 1145 902 1208 devotus
928 1151 1036 1207 noster
1062 1143 1205 1223 dilectus,
1232 1141 1316 1226 quod
1345 1145 1492 1208 nonnulli

181 1259 223 1303 ex
244 1240 335 1304 vobis
348 1245 474 1325 propter
486 1247 611 1306 nostros
632 1248 663 1304 st
682 1247 863 1305 nostrorum
885 1243 918 1304 in
940 1242 998 1304 hac
1018 1247 1105 1325 parte
1124 1242 1412 1305 commissariorum
1434 1261 1490 1305 seu

180 1337 324 1401 iudicum
346 1341 518 1403 sententias
544 1347 575 1403 et
596 1358 764 1423 processus
785 1339 826 1403 ab
845 1342 946 1422 ipsius
967 1339 1145 1403 obedientia
1166 1345 1378 1412 recesserunt,
1399 1340 1491 1404 nobis

181 1435 345 1499 humiliter
370 1435 590 1520 supplicando,
619 1437 679 1500 sibi
707 1453 803 1520 snper
826 1438 886 1500 hoc
913 1439 951 1500 de
982 1443 1137 1520 oportuno
1168 1437 1305 1500 remedio
1327 1438 1491 1521 provideri.

124 1563 127 1566 ⁴
182 1532 249 1597 Nos
269 1535 368 1616 igitur
387 1537 454 1598 suis
476 1534 758 1619 supplicationibus
778 1534 991 1598 favorabiliter
1017 1541 1209 1612 annuentes,
1229 1535 1318 1598 vobis
1342 1534 1492 1600 omnibus

182 1638 215 1694 et
241 1631 394 1714 singulis,
421 1634 477 1716 qui
497 1633 537 1695 ab
558 1634 659 1716 ipsius
679 1632 854 1696 obedientia
876 1633 1063 1710 recassistis
1087 1633 1148 1696 sub
1170 1651 1251 1716 pena
1271 1636 1492 1697 excommuni-

182 1731 318 1792 cationis
345 1730 407 1794 late
433 1733 606 1807 sententie,
630 1750 726 1815 quam
753 1732 785 1792 in
813 1749 871 1793 vos
892 1735 923 1794 61
943 1731 1116 1812 quemlibet
1137 1738 1292 1810 vestrum,
1312 1733 1338 1795 si
1362 1749 1426 1795 non
1447 1733 1492 1796 fe-

181 1829 288 1890 ceritis
320 1829 405 1911 quod
438 1828 643 1909 mandamus,
675 1829 827 1892 canonica
851 1829 949 1891 trium
977 1829 1100 1892 dierum
1128 1830 1302 1893 monitione
1328 1832 1492 1912 premissa,

180 1925 315 1989 ferimus
355 1927 388 1988 in
425 1927 487 1989 hiis
521 1929 657 2011 scriptis,
690 1926 830 1989 districte
865 1926 1065 2010 precipiendo
1092 1928 1297 2007 mandamus,
1334 1933 1492 2011 quatenns

181 2023 222 2086 nd
244 2022 454 2087 obedientiam
475 2025 551 2088 dicti
572 2012 732 2109 prepositi,
750 2043 812 2088 non
836 2024 1036 2089 obstantibus
1058 2027 1223 2090 sententiis
1244 2031 1275 2088 et
1291 2025 1491 2108 pmcessibus

182 2120 445 2204 quibuscunque,
466 2141 600 2205 pernes
623 2141 680 2186 seu
701 2141 757 2206 per
777 2128 902 2186 nostros
922 2125 1155 2188 commissarios
1177 2124 1226 2186 vel
1245 2123 1366 2186 iudices
1383 2127 1491 2186 contra

180 2219 300 2282 dictum
320 2221 513 2303 prepositum
529 2239 566 2283 ae
586 2219 646 2283 sibi
666 2220 848 2284 obedientes
868 2222 1005 2304 prolatis,
1026 2241 1107 2306 quos
1129 2209 1256 2303 quidem
1279 2239 1447 2305 processus
1462 2227 1492 2285 61

184 2318 356 2380 sententies
381 2335 493 2381 omnes
517 2337 556 2381 ex
578 2320 670 2381 certis
699 2320 805 2382 causis
833 2338 892 2382 nos
910 2320 949 2382 ad
967 2319 1025 2382 hoc
1047 2318 1247 2382 moventibus
1271 2320 1491 2382 revocavimus

182 2435 220 2478 ac
247 2415 448 2499 presentibus
471 2433 672 2490 revocamus,
697 2415 800 2480 redire
826 2418 960 2495 careda,
981 2417 1047 2480 suis
1069 2435 1105 2479 ac
1127 2415 1177 2479 sui
1199 2415 1342 2479 officialis
1365 2418 1493 2480 monitis

182 2521 214 2577 et
240 2516 393 2596 preceptis
417 2513 552 2577 fideliter
577 2516 791 2590 intendentes,
819 2515 960 2599 alioquin
988 2515 1179 2591 6661661161,’
1206 2533 1286 2597 quas
1306 2515 1400 2578 iidem
1424 2535 1490 2598 pre·

182 2613 307 2694 positus
336 2619 368 2676 et
393 2612 537 2675 officialis
565 2613 624 2676 rite
650 2612 783 2676 tulerint
809 2613 842 2676 in
868 2611 1016 2690 rebelles,
1043 2611 1196 2675 faciemus
1220 2612 1382 2694 usquead
1404 2614 1492 2677 satis-

179 2711 349 2773 factionem
375 2710 566 2794 oondignam
590 2710 814 2774 inviolabiliter
833 2709 1010 2786 observari,
1027 2727 1137 2774 omnes
1158 2709 1386 2774 nichilominus
1407 2729 1490 2774 com·

181 2809 345 2871 missarios
372 2827 428 2872 seu
449 2808 581 2886 iudices,
607 2829 626 2871 a
654 2808 745 2872 nobis
776 2809 826 2872 vel
853 2808 915 2871 alic
937 2825 1143 2890 quocunque,
1174 2810 1330 2891 preposito
1354 2809 1492 2891 predicto

183 2907 340 2968 duntaxat
371 2913 518 2988 excepto,
551 2908 585 2969 in
616 2907 699 2970 dicta
726 2908 924 2990 prepositura
951 2907 1103 2970 hactenus
1133 2908 1320 2970 conmitutos
1343 2914 1374 2970 61
1399 2908 1493 2971 inris-

182 3004 351 3068 dictionem
373 3005 491 3068 eisdem
514 3024 569 3088 per
592 3024 651 3068 nos
670 3006 873 3068 commissam
895 3006 1115 3068 revocavimus
1137 3024 1173 3068 ac
1191 3003 1492 3088 presentibusrevo-
1582 3088 1584 3092 Ι

183 3119 303 3165 camus.
323 3099 440 3164 Datum
452 3101 706 3182 Aschaffenburg
715 3101 756 3164 Π.
764 3101 929 3166 Nonlulii
945 3121 1028 3165 anno
1039 3099 1167 3165 Domini
1189 3099 1491 3164 decemvir.

183 3307 297 3390 1337.
321 3307 418 3390 Juli
444 3309 506 3392 13.
1403 3310 1491 3394 1114.

284 3442 444 3519 Heinrich,
469 3444 645 3509 Merserat
660 3466 719 3510 von
734 3445 891 3523 Diuortlte,
913 3447 1054 3528 1681111191
1074 3447 1129 3510 der
1144 3445 1494 3510 Bartholomrinslrircbe

283 3542 318 3606 in
339 3541 457 3624 Erfurt
476 3543 538 3606 den
557 3542 667 3608 Besita
687 3545 805 3626 6161961
826 3543 943 3608 Zinsea
963 3566 1022 3610 von
1042 3545 1239 3609 Ldndereien
1258 3564 1300 3608 an
1321 3543 1493 3624 861166661-

284 3639 371 3721 dorf,
392 3639 501 3704 waste
520 3640 682 3706 Jobnnnes
703 3663 762 3706 von
785 3645 968 3721 Grunstete,
990 3644 1058 3706 scin
1080 3643 1316 3720 Lebensmnnn,
1336 3641 1493 3706 darselbrn

282 3736 444 3818 6661161161
476 3738 566 3802 batte

337 3854 620 3914 manaimus.

265 3958 334 4024 Nos
344 3959 514 4038 Henricns,
523 3961 737 4026 marschalcns
755 3961 794 4024 de
810 3959 973 4040 Divertlaa
993 3963 1153 4026 universis
1169 3962 1226 4024 has
1242 3961 1361 4024 litteras
1375 3961 1492 4024 visuris

184 4064 216 4120 et
236 4057 394 4122 audituris
413 4059 561 4141 cupimus
580 4058 646 4123 fore
668 4066 797 4137 notum,
819 4060 904 4141 quod
926 4061 1120 4142 pensionem,
1141 4060 1233 4122 sitam
1256 4059 1289 4121 in
1310 4057 1403 4121 bonis
1425 4077 1492 4121 ara-

186 4154 304 4219 bilibus
335 4155 566 4238 partinentibus
588 4158 623 4220 in
651 4157 757 4220 villam
781 4157 1043 4240 Schopphindorl‚
1072 4177 1168 4239 qnam
1200 4155 1360 4220 Iohannes
1388 4156 1492 4218 dictus

186 4253 226 4318 de
247 4253 417 4317 Grunststa
438 4256 510 4318 iure
530 4255 644 4318 feodali
664 4275 683 4317 a
704 4254 798 4318 nobis
819 4256 923 4318 tenuit
943 4261 974 4318 61
994 4254 1140 4337 possedit,
1161 4253 1306 4318 videlicet
1324 4252 1491 4318 dimidium

184 4351 341 4414 maldrum
352 4351 656 4416 aveneErfordeusis
672 4372 829 4430 mensure,
840 4373 895 4416 sex
909 4351 1269 4416 solidosErfordansium
1281 4351 1493 4424 denariorum.

186 4448 271 4532 quod
292 4449 451 4512 maldrum
473 4449 640 4513 dimidium
663 4457 693 4513 ct
713 4469 770 4514 sex
793 4450 909 4514 solidos
932 4449 1095 4514 iamdictos
1111 4451 1186 4514 dare
1201 4457 1232 4514 et
1243 4449 1364 4514 solvere
1380 4449 1493 4513 fratres

185 4547 490 4629 dictiWeynercnm
501 4548 628 4612 duobus
638 4547 732 4632 pullis
744 4547 876 4612 debent⁸
891 4548 1032 4631 quolibet
1041 4547 1120 4612 festo
1132 4547 1325 4627 nichalaus,-
1334 4549 1490 4627 pertinen·
