3525 5209
280 388 314 442 62
643 390 919 463 (leschichisquellen
937 392 987 447 der
1005 392 1085 450 Prov.
1100 392 1230 452 Sachsen.

280 537 404 620 publice
422 540 471 603 vel
488 542 608 605 occulte
624 542 683 605 sub
702 562 895 627 quoeunque
910 544 1014 608 colore
1024 546 1108 628 apud
1119 545 1263 610 sabditos
1274 546 1365 610 vobis
1376 550 1586 632 panochiales

279 638 502 720 cuiuscunque
513 639 719 720 condicionis,
739 644 972 723 preeminencie
993 645 1060 707 sive
1081 650 1183 707 status
1201 646 1363 722 exsistant,
1381 646 1585 728 sepedictis..

279 737 438 817 magistris
459 736 644 815 consulum,
665 738 850 817 rectoribus
872 740 1066 812 consulibua
1085 741 1207 803 clericis
1225 742 1386 831 et'layicis
1406 743 1480 805 dicti
1501 744 1586 826 opidi

280 834 391 897 incolis
414 834 670 899 inobedientibus
689 842 720 899 et
741 838 856 899 unitati
879 837 951 901 fidei
975 838 1129 901 katholice
1148 838 1337 917 rebellibus,
1358 842 1457 903 eciam
1480 840 1585 903 Iudeis

279 932 318 994 ad
340 952 566 1016 quamcunque
588 952 645 995 seu
666 934 889 1016 cuiuscunque
911 937 955 998 rei
978 936 1171 999 solucionem
1190 936 1342 1019 obligatos
1356 938 1586 1021 fidepronvisso

279 1038 368 1113 pacto
391 1030 654 1113 qualitercunque
675 1034 858 1095 aucmritate
880 1040 912 1095 et
932 1035 1000 1095 vice
1020 1082 1143 1097 .......
1158 1045 1169 1073 ⁰
1190 1034 1244 1096 ubi
1265 1036 1414 1117 expedire
1435 1036 1586 1112 videritis,

278 1132 436 1193 arrestatis
462 1135 493 1191 ct
520 1132 738 1211 sequestretis,
765 1130 951 1193 mandantes
971 1138 1003 1193 et
1027 1131 1203 1193 inhibentes
1232 1133 1351 1195 eisdem
1380 1134 1495 1195 vestris
1516 1153 1585 1215 pav-

282 1226 474 1291 rochialibus
494 1226 638 1303 subditis
654 1225 772 1309 quibus
789 1238 819 1290 et
835 1248 894 1291 nos
914 1229 974 1291 sub
986 1231 1324 1293 excommunicationis
1339 1250 1421 1313 pena
1439 1233 1501 1293 iam
1527 1236 1587 1293 late

281 1328 442 1404 sententie,
454 1345 549 1407 quam
564 1326 757 1388 contrarium
777 1326 927 1389 facientes
945 1328 1106 1389 incurrere
1119 1327 1268 1389 volumus
1281 1329 1350 1410 ipso
1365 1329 1446 1391 facto
1458 1372 1562 1391 ......
1574 1340 1586 1367 ⁶

281 1439 387 1492 tamen
419 1430 450 1488 et
483 1424 652 1487 canonicos
679 1424 858 1486 monicione
886 1426 1039 1506 premissa
1066 1424 1250 1488 inhibemus
1275 1427 1479 1488 strictissime.
1521 1424 1587 1487 Nec

279 1526 454 1610 pensiones,
478 1521 636 1597 redditus,
658 1521 895 1595 decimationes
919 1522 1055 1585 decimas
1077 1541 1127 1585 res
1148 1528 1179 1585 et
1199 1521 1312 1603 debita,
1328 1530 1365 1585 ut
1385 1523 1585 1605 premittitur,

278 1624 416 1699 solvant,
444 1622 519 1684 dent
544 1618 594 1681 vel
623 1624 804 1701 presentent
829 1638 885 1701 per
911 1638 945 1681 se
966 1620 1015 1682 vel
1036 1619 1135 1683 alium
1157 1628 1213 1682 aut
1233 1621 1310 1683 alios
1331 1619 1438 1702 aliquo
1461 1622 1584 1701 quesito

278 1722 380 1785 colore
403 1720 494 1783 dictis
515 1717 627 1780 incolis
648 1715 894 1779 Eriordensibus
915 1718 980 1779 sedi
1004 1718 1172 1799 apostolice
1193 1718 1380 1797 rebellibus,
1410 1736 1467 1780 nec
1485 1719 1583 1779 eciam

278 1821 316 1882 ad
346 1819 589 1901 requisioionem
621 1814 669 1877 vel
697 1816 908 1877 monicionem
940 1817 1080 1898 ipsorum
1109 1817 1157 1877 vel
1188 1817 1318 1878 alterius
1344 1834 1454 1878 eorum
1477 1814 1581 1877 debita

278 1916 491 1981 fideiussionis
513 1912 637 1976 solvant
659 1910 812 1995 obstagia,
838 1912 956 1975 iaciant
976 1913 1026 1975 vel
1048 1913 1231 1991 observent,
1258 1916 1356 1976 immo
1377 1916 1411 1975 in
1433 1912 1584 1975 omnibns

278 2023 309 2081 et
330 2013 510 2101 peremnia
532 2011 617 2094 ipsos
644 2012 744 2073 vitent
766 2010 859 2073 velud
883 2010 964 2073 bone
984 2010 1164 2074 obediencie
1186 2018 1218 2073 et
1237 2010 1311 2075 fidei
1332 2011 1487 2073 katholico
1508 2030 1582 2072 con-

278 2116 464 2197 temptores,
486 2126 653 2191 quousque
676 2126 771 2191 super
791 2107 990 2171 absolutione
1005 2128 1064 2172 sua
1081 2110 1200 2171 litteras
1211 2115 1434 2191 representent
1470 2108 1506 2171 ln
1523 2110 1584 2169 hiis

279 2208 474 2293 exequendis
500 2207 578 2269 alter
602 2206 735 2269 alterum
761 2226 826 2268 non
856 2207 1002 2288 respiciat
1027 2206 1075 2268 vel
1104 2214 1270 2289 exspectet,
1311 2205 1444 2267 Reddite
1464 2206 1584 2269 litteras

281 2308 391 2393 sigillis
411 2307 523 2369 vestris
542 2302 703 2387 sigillatae,
718 2304 865 2386 appensis
879 2306 912 2365 in
931 2305 1060 2387 signum
1078 2306 1274 2367 executionis
1286 2303 1433 2365 mandati.
1465 2301 1583 2365 Datum

279 2427 363 2471 auno
385 2404 515 2468 Domini
538 2398 877 2474 M00000xxlx⁰,110
901 2401 976 2463 ldus
1000 2400 1200 2484 Septembris.
1242 2402 1335 2482 (Sept.
1351 2402 1410 2476 1⁴2.)

360 2501 540 2575 Heinricus
550 2496 612 2561 Dei
623 2498 725 2576 gratia
741 2502 848 2559 sancte
859 2495 1056 2561 Coloniensis
1067 2496 1196 2560 ecclesie
1207 2499 1508 2581 archiepiscopus-
1523 2507 1582 2541 -⁸

279 2601 405 2665 obedire
420 2601 457 2674 4-
469 2598 533 2673 -ll
554 2594 695 2677 Magistri
714 2600 818 2657 tamen
837 2594 1015 2673 consulum,
1030 2594 1177 2657 consules
1192 2603 1222 2657 et
1233 2601 1368 2660 rectores
1378 2594 1583 2657 Erfordenses

280 2698 407 2783 predicti
437 2715 470 2759 se
499 2692 703 2757 reddiderunt
732 2698 762 2754 et
787 2691 924 2753 reddunt
950 2694 983 2753 in
1009 2693 1171 2774 premissis
1193 2692 1409 2756 inobedientes
1430 2702 1461 2755 et
1483 2693 1582 2753 mani-

277 2798 354 2861 feste
375 2792 507 2857 rebelles
528 2788 820 2874 contemptabiliter,
835 2790 947 2871 spretis
968 2789 1146 2870 apostolicis
1166 2796 1198 2853 et
1218 2793 1334 2853 nostris
1348 2789 1582 2852 municionibus

277 2902 308 2959 et
337 2892 509 2967 mandatis,
529 2888 706 2951 adherendo
728 2887 852 2950 cuidam
877 2886 1060 2949 Hermanno
1087 2887 1171 2949 dicto
1192 2888 1231 2951 de
1252 2888 1392 2968 Bybera,
1412 2888 1527 2951 dicenti
1549 2905 1583 2949 se

277 2991 355 3055 falso
376 2990 568 3075 provisorem
590 2985 696 3048 allodii
708 2984 908 3047 Erfurdensis
929 2992 960 3046 et
981 3003 1014 3046 se
1037 2987 1257 3049 intromittenti
1273 2994 1390 3049 temere
1410 2985 1582 3047 etdefacto

276 3094 309 3154 in
330 3090 456 3151 civitate
467 3084 650 3147 Edordensi
672 3082 711 3145 de
731 3082 801 3144 aliis
821 3082 956 3144 diversis
976 3081 1082 3159 bonis,
1103 3080 1228 3147 iuribus
1248 3090 1280 3147 et
1300 3080 1583 3160 iurisdictionibus,

278 3184 493 3270 spectantibus
523 3181 644 3243 notorie
677 3180 716 3241 ad
743 3190 953 3241 memoratum
983 3178 1166 3257 dominum,
1197 3180 1363 3244 dominum
1385 3179 1582 3256 Heinricnm,

278 3283 545 3365 archiepiscopum
557 3276 791 3361 lloguntinum,
811 3278 845 3337 in
868 3276 1010 3338 eiusdem
1027 3277 1148 3339 domini
1166 3278 1392 3361 archiepiscopi
1403 3277 1582 3357 Magantini

277 3390 306 3444 et
329 3379 531 3442 manifestum
552 3376 735 3458 dampnum,
756 3374 965 3455 preiudicium
986 3381 1017 3436 et
1036 3394 1216 3457 gravamen,
1238 3382 1269 3438 et
1282 3376 1382 3439 eidem
1397 3374 1581 3436 Hermanno

277 3476 465 3555 obediendo,
487 3474 633 3558 parendo,
662 3471 879 3555 respondendo
912 3478 943 3533 et
971 3472 1049 3534 satis
1081 3472 1224 3535 faciendo
1252 3475 1286 3534 in
1308 3474 1386 3551 hiis,
1407 3472 1441 3534 in
1463 3471 1581 3553 quibus

278 3574 418 3653 obedire,
443 3590 567 3654 parere,
590 3570 778 3653 respondere
798 3578 829 3632 et
850 3569 1028 3633 satisfacere
1053 3577 1201 3633 tenentur
1222 3590 1263 3633 ex
1283 3569 1387 3632 debito
1410 3576 1581 3631 memorato

278 3674 405 3737 domino
425 3670 589 3747 Heinrico,
616 3669 847 3750 archiepiscopo
877 3666 1081 3749 Mogontino,
1109 3687 1204 3749 quem
1236 3668 1459 3731 Hermannum
1485 3666 1580 3727 iidem

278 3771 419 3854 magistri
440 3768 622 3841 consulum,
644 3765 791 3829 consules
812 3772 843 3829 et
863 3770 998 3827 rectores
1010 3764 1215 3827 Erfordenses
1237 3769 1350 3843 sciunt,
1372 3766 1453 3827 sicut
1474 3771 1504 3825 et
1526 3772 1580 3839 est,

276 3872 402 3954 propter
439 3866 637 3929 manifestam
676 3862 926 3926 inobedienciam
965 3863 1186 3925 mandatorum
1226 3864 1309 3925 sedis
1345 3860 1513 3944 apostolice
1551 3868 1582 3922 et

277 3952 457 4031 nostrorum
488 3965 522 4026 in
553 3982 650 4026 causa
679 3964 868 4044 provisionis
901 3961 1053 4044 predicte,
1085 3980 1121 4023 eo
1150 3960 1234 4042 qnod
1260 3961 1299 4022 dc
1324 3960 1438 4021 allodio
1460 3966 1490 4020 et
1511 3958 1582 4020 aliis

276 4064 377 4141 bonis,
398 4062 521 4125 iuribus
536 4070 566 4125 et
576 4060 848 4124 iurisdictionibus
867 4060 1025 4143 predictis,
1042 4060 1081 4121 ad
1099 4058 1272 4139 predictum
1295 4058 1457 4120 dominum
1481 4055 1581 4117 archi-

276 4164 458 4247 episcopum
467 4158 691 4242 Moguutinum
704 4158 926 4243 spectantibus,
942 4176 976 4219 se
986 4165 1103 4218 temere
1114 4156 1302 4231 intromittit,
1312 4172 1381 4216 esse
1393 4152 1580 4215 innodatum

277 4258 612 4324 excommunicationis
642 4257 769 4319 vinculo
798 4258 830 4317 in
859 4254 1036 4336 apostolicis
1058 4253 1170 4315 litteris
1192 4252 1402 4335 promulgate,
1424 4258 1455 4312 et
1474 4252 1579 4332 ipsum

277 4357 449 4422 nonnullos
476 4355 680 4419 ecclesiarum
708 4353 948 4436 parrochialium
975 4350 1126 4434 plebanos
1154 4356 1184 4412 et
1210 4350 1288 4412 alias
1313 4368 1462 4430 personas
1483 4348 1581 4411 eccle·

278 4456 419 4521 siasticas
451 4455 483 4515 in
512 4454 636 4515 civitate
658 4451 839 4513 Edbrdensi
868 4448 907 4511 ab
929 4468 1039 4511 eorum
1062 4448 1201 4510 ecclesiis
1223 4454 1253 4509 et
1274 4446 1434 4509 beneficiis
1455 4455 1581 4527 proptor

279 4554 493 4621 obedienciam
505 4550 650 4631 debitam,
662 4570 758 4633 quam
776 4550 842 4613 sedi
857 4547 1026 4632 apostolice
1041 4546 1075 4608 in
1092 4546 1228 4629 predicte
1247 4545 1438 4628 provisionis
1448 4545 1580 4626 negocio

1364 4863 1375 4895 l
