3525 5209
484 385 712 444 Urlrundeuhuch
729 387 779 444 der
797 386 880 444 Stadt
898 388 1006 442 Eriurt.
1043 385 1082 444 ΙΙ.
1095 384 1181 440 Theil.
1434 387 1488 441 475

182 542 250 606 iure
284 544 462 618 communi,
489 562 585 624 quarn
614 541 844 606 consuetudine
871 540 964 604 nobis
992 557 1159 602 concessas
1180 543 1212 601 et
1231 535 1412 613 attributas,
1437 557 1491 621 per

183 639 364 714 nonnullos,
384 637 443 702 sub
465 641 569 722 specie
590 638 900 722 religionisDomino
921 658 955 702 se
976 637 1121 700 famulari
1145 634 1373 719 pretendentes,
1395 637 1491 699 variis

182 736 315 801 ausibus
339 742 371 800 et
395 738 577 815 conatibus,
609 744 687 801 tunc
714 757 768 821 per
799 737 999 800 indiscretam
1032 734 1118 799 verbi
1147 733 1206 797 Dei
1237 735 1491 817 propositionem,

180 841 259 899 tnnc
282 855 337 918 per
362 836 506 918 iniquam
529 837 648 899 iuriam
663 837 817 899 dictarum
834 835 1037 898 ecclesiarum
1058 841 1235 897 nostrarum
1257 837 1288 895 et
1310 838 1489 895 nostrorum

182 935 439 1017 usurpationem,
465 939 542 998 tunc
573 955 628 1018 per
662 934 771 998 t'alsam
800 953 1007 1018 personarum
1041 937 1217 994 nostrarum
1246 929 1491 994 diffamationem

181 1032 399 1116 infringuntur
422 1037 453 1095 et
478 1035 713 1114 opprimuntur,
744 1046 927 1115 eapropter
952 1031 1144 1094 unanimiter
1169 1034 1201 1092 et
1220 1047 1376 1092 consensu
1401 1029 1491 1110 parili

182 1131 361 1213 congregati
382 1131 485 1212 priore
505 1135 536 1193 et
562 1131 709 1213 preterita
731 1129 929 1213 presentibus
957 1127 1162 1201 revolvendo,
1190 1126 1335 1190 futurum
1365 1125 1491 1189 salubre

183 1228 357 1292 remedium
386 1227 534 1292 adhihere
561 1231 724 1312 cupientes
755 1248 810 1312 pro
842 1230 995 1292 dictorum
1025 1228 1143 1290 iurium
1172 1224 1396 1308 parochialium
1417 1243 1491 1287 con-

184 1326 376 1403 servatione,
406 1327 540 1389 tuitione
564 1331 594 1389 et
624 1327 805 1390 detonsione
833 1327 1012 1395 dunrtaxat,
1052 1331 1083 1388 et
1113 1345 1153 1389 ne
1183 1323 1351 1387 crudeliter
1376 1324 1490 1388 lamam

183 1429 321 1488 nostram
351 1443 387 1486 ac
413 1421 572 1488 libertates
598 1425 753 1507 predictas
784 1425 944 1507 negligere
971 1425 1147 1501 videamur,
1183 1423 1267 1486 unde
1297 1422 1493 1484 concorditer

184 1541 242 1584 nos
274 1521 403 1604 predicti
437 1522 562 1605 plebani
593 1542 703 1586 ornnes
735 1529 766 1586 et
796 1523 913 1605 singuli
946 1524 978 1584 iu
1010 1543 1110 1586 unum
1139 1522 1349 1584 convenimus
1376 1525 1407 1584 et
1434 1540 1492 1582 nos

186 1620 350 1683 univimus
371 1640 406 1682 ac
428 1619 628 1702 presentibus
650 1623 782 1684 unimus
803 1621 834 1684 iu
856 1619 913 1684 Dei
934 1623 1068 1698 nomine,
1090 1621 1173 1702 quod
1196 1617 1328 1701 quilibet
1349 1624 1491 1681 nostrum

183 1737 292 1801 perse
317 1719 347 1780 in
371 1719 438 1781 suis
460 1718 601 1782 ecclesiis
622 1724 651 1782 et
673 1719 828 1800 parochiis
851 1720 967 1802 populo
995 1725 1026 1781 et
1047 1718 1245 1802 parochianis
1272 1717 1331 1779 sibi
1358 1716 1493 1779 subditis

184 1833 356 1900 proponere
377 1819 408 1880 et
429 1817 588 1898 predicare
618 1815 742 1880 debebit
771 1815 900 1880 verbum
926 1816 983 1880 Dei
1016 1817 1105 1880 etad
1134 1817 1208 1896 boe,
1240 1817 1266 1878 si
1291 1835 1371 1898 opus
1391 1815 1493 1887 fuerit,

184 1914 334 1998 plebanos
356 1920 385 1977 et
411 1915 542 1978 clericos
570 1934 731 1978 assumere
763 1920 793 1978 et
821 1935 994 1978 convocare
1025 1915 1190 1977 seculares.
1240 1913 1387 1976 Secundo
1409 1912 1492 1996 quod

185 2011 316 2076 verbum
340 2010 399 2076 Dei
428 2013 613 2095 quicunque
632 2032 671 2077 ex
693 2013 801 2092 nobiS,
829 2019 865 2076 ut
886 2015 1092 2095 premittitur,
1119 2012 1285 2094 praedicans
1306 2009 1441 2074 subditis
1462 2017 1493 2072 et

185 2110 382 2194 parochianis
412 2111 482 2174 iura
510 2111 699 2193 parochialia
724 2131 796 2174 cum
825 2110 1023 2174 libertatibus
1048 2113 1116 2174 suis
1142 2110 1253 2174 docere
1279 2116 1311 2172 et
1337 2129 1493 2192 exponere

185 2209 298 2292 poterit
317 2213 347 2270 et
368 2207 502 2286 debebit,
524 2228 644 2271 sacram
670 2211 865 2292 scripturam,
888 2229 993 2272 sacros
1006 2228 1143 2272 canones
1156 2214 1188 2271 et
1203 2214 1319 2271 statuta
1341 2208 1493 2269 ordinari·

185 2325 275 2369 orum
304 2326 359 2388 pro
391 2306 562 2370 directione
587 2313 617 2370 et
648 2309 802 2386 regimine
836 2307 910 2370 dicti
939 2307 1046 2390 populi
1075 2312 1106 2369 et
1132 2307 1331 2370 subditorum
1361 2305 1493 2367 fideliter

185 2403 398 2483 informand0‚
425 2404 588 2483 allegando
617 2412 648 2468 et
673 2407 771 2470 eciam
798 2406 1003 2488 exponeud03
1034 2424 1162 2488 quoque
1187 2405 1214 2466 si
1236 2405 1347 2467 tratres
1374 2402 1494 2466 mendi-

185 2506 293 2563 cantes
326 2502 550 2582 premissorum
588 2505 750 2565 occasioue
788 2522 980 2585 quemquam
1018 2504 1056 2566 de
1088 2502 1179 2565 nohis
1211 2501 1412 2584 singulariter
1445 2501 1492 2562 rel

185 2600 397 2672 communiter
418 2606 578 2681 presentes
599 2600 649 2663 vel
672 2601 796 2663 futuros
818 2605 942 2663 nostros
964 2620 1162 2664 successores
1184 2617 1307 2677 vexare,
1328 2599 1493 2669 molestare

187 2716 243 2760 seu
280 2696 375 2759 citare
410 2697 441 2758 in
480 2697 597 2760 iudicio
635 2697 684 2760 vel
715 2704 803 2761 extra
832 2704 1063 2780 presumerent.
1104 2699 1192 2761 omni
1223 2698 1293 2761 dolo
1322 2702 1353 2760 et
1383 2696 1494 2758 fraude

189 2795 331 2872 semotis
379 2795 574 2858 concorditer
620 2803 651 2858 et
694 2795 842 2879 expensis
889 2795 1114 2860 communibus
1164 2796 1279 2859 nostris
1326 2795 1419 2858 talem
1464 2800 1495 2856 et

188 2893 265 2958 tales
291 2895 453 2958 defensare
480 2898 511 2955 et
541 2913 737 2977 propugnare
767 2895 973 2958 volumus‘et
994 2895 1154 2958 debemus.
1203 2894 1244 2958 Ut
1268 2899 1371 2957 tamen
1395 2900 1494 2956 metus

186 2992 323 3055 racionis
353 3011 411 3054 uos
441 2993 472 3053 in
500 2990 575 3055 dicti
602 2992 690 3054 verbi
716 2991 776 3056 Dei
808 2995 1019 3075 propositione
1049 2994 1200 3056 excedere
1232 2994 1495 3072 noncoutiugat,

188 3091 297 3155 nullus
336 3090 374 3153 de
408 3089 499 3154 nobis
532 3091 705 3174 quidquam
743 3109 801 3154 suo
834 3109 930 3154 sensu
963 3094 1127 3174 capitaneo
1160 3093 1270 3154 docere
1300 3090 1414 3154 audeat
1445 3089 1492 3151 rol

189 3189 348 3272 predicare
369 3193 542 3267 presumat,
573 3188 627 3252 sed
661 3189 693 3251 id
718 3189 822 3252 solum
847 3209 865 3252 a
886 3189 978 3252 nobis
1000 3196 1031 3252 et
1053 3189 1194 3272 quolibet
1214 3197 1357 3252 nostrum
1381 3188 1493 3259 doceri.¹

188 3287 320 3369 proponi
350 3291 382 3348 et
407 3285 560 3368 predicari
592 3286 740 3349 volumus
771 3292 801 3350 et
838 3293 1000 3366 tenemur,
1037 3287 1121 3370 quod
1155 3306 1243 3350 sacre
1274 3288 1426 3369 scripture
1456 3305 1494 3345 ac

187 3383 363 3448 canonibus
394 3384 510 3448 sanctis
542 3403 718 3448 consonum
749 3385 843 3448 frterit
871 3392 903 3448 et
938 3386 1122 3465 honestum,
1156 3389 1187 3448 et
1217 3384 1301 3468 quod
1332 3405 1351 3446 a
1377 3384 1494 3446 nostris

189 3480 409 3567 superioribus
437 3484 648 3565 receperimus
675 3485 708 3546 in
736 3484 902 3547 mandatis.
945 3483 1145 3547 Contrarium
1171 3469 1336 3546 facientem
1358 3503 1395 3544 ac
1415 3500 1496 3563 pena

189 3579 291 3646 subici
318 3581 482 3661 uolumus,
510 3587 545 3644 ut
573 3601 606 3644 se
635 3601 698 3646 non
721 3583 947 3646 communibus
976 3584 1092 3647 nostris
1120 3583 1284 3665 expensis,
1312 3580 1338 3644 si
1360 3583 1495 3643 vexatus

190 3679 240 3742 rel
260 3681 374 3742 citatus
394 3679 502 3757 fuerit,
530 3679 584 3744 sed
606 3679 771 3742 dumtaxat
790 3682 924 3763 propriis
948 3680 1110 3744 defensare
1130 3685 1285 3756 teneatur,
1325 3678 1375 3742 Ad
1398 3677 1496 3740 tinni-

189 3797 275 3840 orem
312 3777 531 3842 certitudinem
569 3779 794 3860 premissorum
832 3799 890 3842 nos
927 3798 1038 3842 omnes
1076 3784 1107 3841 et
1136 3777 1338 3860 singulariter
1376 3774 1494 3855 singuli

190 3875 315 3959 plebani
338 3873 467 3957 predicti
496 3896 552 3958 pro
582 3875 673 3940 uobis
707 3879 887 3958 nostrisque
915 3877 1151 3940 successoribus
1172 3895 1282 3938 omnes
1302 3880 1333 3938 et
1354 3873 1495 3955 singulos

191 3973 341 4038 articulos
370 3974 569 4056 supradictos
599 3980 630 4039 et
654 3977 796 4060 ipsorum
830 3974 1004 4056 quemlihet
1030 3974 1112 4037 bona
1138 3973 1199 4037 fide
1221 3973 1435 4056 promittimus
1456 3977 1497 4046 et,

192 4072 282 4135 tactis
304 4091 437 4154 pernes
458 4072 659 4154 corporaliter
680 4075 777 4136 sacris
800 4073 916 4135 sanctis
938 4073 1132 4154 euangeliis,
1158 4092 1216 4134 nos
1236 4070 1315 4134 velle
1331 4077 1362 4132 et
1383 4068 1496 4132 debere

192 4169 324 4232 tirmiter
337 4176 428 4232 ratos
449 4175 480 4233 et
499 4177 603 4250 gratos
625 4170 739 4234 habere
760 4189 796 4234 ac
818 4170 1040 4233 inviolabiliter
1060 4168 1239 4248 observare,
1267 4169 1444 4230 iuravimus
1465 4175 1495 4228 et

192 4269 336 4330 iuramus
367 4273 399 4332 et
431 4269 623 4330 unaminiter
650 4275 681 4331 et
705 4269 901 4332 concorditer
927 4267 986 4331 sub
1013 4267 1087 4330 dicti
1113 4269 1302 4351 prestatione
1325 4265 1495 4328 iuramenti

192 4373 311 4445 tenere,
339 4365 497 4430 subsimili
525 4365 742 4430 observatione
764 4383 961 4430 successores
980 4370 1105 4429 nostros
1125 4366 1256 4446 astringi
1280 4364 1442 4440 volumus,
1465 4371 1495 4425 et

192 4470 347 4546 quantum
378 4483 549 4546 possumus
581 4465 798 4545 astringimus,
823 4464 934 4526 fraude
964 4463 1104 4546 qualibet
1134 4464 1243 4547 procul
1276 4467 1375 4540 meta,
1409 4459 1496 4522 salva

193 4579 317 4652 semper
334 4563 366 4626 in
385 4561 534 4632 omnibus
549 4564 733 4634 auctoritate
749 4562 832 4636 sedis
853 4562 1022 4646 apostolice
1044 4567 1074 4631 et
1096 4561 1251 4631 mandatis
1272 4559 1322 4623 rel
1343 4557 1496 4645 preceptis
