<?xml version="1.0" encoding="UTF-8"?>
<!DOCTYPE html PUBLIC "-//W3C//DTD XHTML 1.0 Transitional//EN"
    "http://www.w3.org/TR/xhtml1/DTD/xhtml1-transitional.dtd">
<html xmlns="http://www.w3.org/1999/xhtml" xml:lang="en" lang="en">
 <head>
  <title>
</title>
<meta http-equiv="Content-Type" content="text/html;charset=utf-8" />
  <meta name='ocr-system' content='tesseract 3.04.00' />
  <meta name='ocr-capabilities' content='ocr_page ocr_carea ocr_par ocr_line ocrx_word'/>
</head>
<body>
  <div class='ocr_page' id='page_1' title='image "./urkundenbuchder04sachgoog_0285.png"; bbox 0 0 3525 5209; ppageno 0'>
   <div class='ocr_carea' id='block_1_1' title="bbox 278 364 1223 441">
    <p class='ocr_par' dir='ltr' id='par_1_1' title="bbox 278 364 1223 441">
     <span class='ocr_line' id='line_1_1' title="bbox 278 364 1223 441; baseline 0.003 -18"><span class='ocrx_word' id='word_1_1' title='bbox 278 368 330 426; x_wconf 78' lang='lat'>272</span> <span class='ocrx_word' id='word_1_2' title='bbox 632 364 907 441; x_wconf 83' lang='lat' dir='ltr'>Geschichtsquellen</span> <span class='ocrx_word' id='word_1_3' title='bbox 924 367 974 423; x_wconf 87' lang='lat' dir='ltr'>der</span> <span class='ocrx_word' id='word_1_4' title='bbox 991 365 1071 423; x_wconf 79' lang='lat' dir='ltr'>Pron.</span> <span class='ocrx_word' id='word_1_5' title='bbox 1085 366 1223 426; x_wconf 83' lang='lat' dir='ltr'>Sachsen.</span> 
     </span>
    </p>
   </div>
   <div class='ocr_carea' id='block_1_2' title="bbox 279 515 1593 2959">
    <p class='ocr_par' dir='ltr' id='par_1_2' title="bbox 279 515 1593 2959">
     <span class='ocr_line' id='line_1_2' title="bbox 279 515 1589 605; baseline -0.007 -18"><span class='ocrx_word' id='word_1_6' title='bbox 279 522 520 587; x_wconf 80' lang='lat' dir='ltr'>Erfurdansium</span> <span class='ocrx_word' id='word_1_7' title='bbox 538 526 569 585; x_wconf 91' lang='lat' dir='ltr'>et</span> <span class='ocrx_word' id='word_1_8' title='bbox 587 526 724 605; x_wconf 90' lang='lat' dir='ltr'>quatuor</span> <span class='ocrx_word' id='word_1_9' title='bbox 739 520 850 604; x_wconf 90' lang='lat' dir='ltr'>pullos,</span> <span class='ocrx_word' id='word_1_10' title='bbox 865 520 942 583; x_wconf 91' lang='lat' dir='ltr'>item</span> <span class='ocrx_word' id='word_1_11' title='bbox 960 538 1057 582; x_wconf 89' lang='lat' dir='ltr'>unam</span> <span class='ocrx_word' id='word_1_12' title='bbox 1069 519 1190 584; x_wconf 86' lang='lat' dir='ltr'>curiam</span> <span class='ocrx_word' id='word_1_13' title='bbox 1206 520 1299 583; x_wconf 86' lang='lat' dir='ltr'>sitam</span> <span class='ocrx_word' id='word_1_14' title='bbox 1317 520 1352 583; x_wconf 94' lang='lat' dir='ltr'>in</span> <span class='ocrx_word' id='word_1_15' title='bbox 1368 517 1443 581; x_wconf 81' lang='lat' dir='ltr'>villa</span> <span class='ocrx_word' id='word_1_16' title='bbox 1452 515 1589 598; x_wconf 81' lang='lat' dir='ltr'>Cymern</span> 
     </span>
     <span class='ocr_line' id='line_1_3' title="bbox 281 616 1591 705; baseline -0.005 -22"><span class='ocrx_word' id='word_1_17' title='bbox 281 640 377 705; x_wconf 91' lang='lat' dir='ltr'>prope</span> <span class='ocrx_word' id='word_1_18' title='bbox 401 618 597 701; x_wconf 89' lang='lat' dir='ltr'>Vyselbech,</span> <span class='ocrx_word' id='word_1_19' title='bbox 619 640 715 703; x_wconf 90' lang='lat' dir='ltr'>quam</span> <span class='ocrx_word' id='word_1_20' title='bbox 737 620 875 701; x_wconf 83' lang='lat' dir='ltr'>possidet</span> <span class='ocrx_word' id='word_1_21' title='bbox 899 617 1059 681; x_wconf 88' lang='lat' dir='ltr'>Heuricus</span> <span class='ocrx_word' id='word_1_22' title='bbox 1079 616 1277 701; x_wconf 83' lang='lat' dir='ltr'>Langgrave,</span> <span class='ocrx_word' id='word_1_23' title='bbox 1301 636 1388 681; x_wconf 81' lang='lat' dir='ltr'>urruc</span> <span class='ocrx_word' id='word_1_24' title='bbox 1408 617 1591 701; x_wconf 77' lang='lat' dir='ltr'>capitaneus</span> 
     </span>
     <span class='ocr_line' id='line_1_4' title="bbox 281 715 1590 800; baseline -0.005 -19"><span class='ocrx_word' id='word_1_25' title='bbox 281 718 499 797; x_wconf 83' lang='lat' dir='ltr'>Eriordensis,</span> <span class='ocrx_word' id='word_1_26' title='bbox 527 718 565 781; x_wconf 89' lang='lat' dir='ltr'>de</span> <span class='ocrx_word' id='word_1_27' title='bbox 593 719 661 800; x_wconf 93' lang='lat' dir='ltr'>ipsa</span> <span class='ocrx_word' id='word_1_28' title='bbox 681 718 808 781; x_wconf 84' lang='lat' dir='ltr'>solvens</span> <span class='ocrx_word' id='word_1_29' title='bbox 830 718 974 799; x_wconf 86' lang='lat' dir='ltr'>quinque</span> <span class='ocrx_word' id='word_1_30' title='bbox 989 716 1106 779; x_wconf 90' lang='lat' dir='ltr'>solidos</span> <span class='ocrx_word' id='word_1_31' title='bbox 1126 716 1328 779; x_wconf 89' lang='lat' dir='ltr'>denariorum</span> <span class='ocrx_word' id='word_1_32' title='bbox 1348 715 1590 778; x_wconf 76' lang='lat' dir='ltr'>Erfordensinm</span> 
     </span>
     <span class='ocr_line' id='line_1_5' title="bbox 281 813 1593 899; baseline -0.002 -19"><span class='ocrx_word' id='word_1_33' title='bbox 281 820 374 881; x_wconf 91' lang='lat' dir='ltr'>annis</span> <span class='ocrx_word' id='word_1_34' title='bbox 406 815 541 899; x_wconf 83' lang='lat' dir='ltr'>singulis</span> <span class='ocrx_word' id='word_1_35' title='bbox 567 816 601 877; x_wconf 92' lang='lat' dir='ltr'>in</span> <span class='ocrx_word' id='word_1_36' title='bbox 623 815 701 879; x_wconf 79' lang='lat' dir='ltr'>festo</span> <span class='ocrx_word' id='word_1_37' title='bbox 723 816 823 879; x_wconf 89' lang='lat' dir='ltr'>sancti</span> <span class='ocrx_word' id='word_1_38' title='bbox 844 813 1045 893; x_wconf 83' lang='lat' dir='ltr'>Michalrelis,</span> <span class='ocrx_word' id='word_1_39' title='bbox 1070 834 1144 877; x_wconf 89' lang='lat' dir='ltr'>cum</span> <span class='ocrx_word' id='word_1_40' title='bbox 1167 816 1244 897; x_wconf 91' lang='lat' dir='ltr'>ipsis</span> <span class='ocrx_word' id='word_1_41' title='bbox 1265 815 1402 879; x_wconf 90' lang='lat' dir='ltr'>dominis</span> <span class='ocrx_word' id='word_1_42' title='bbox 1424 865 1452 881; x_wconf 88' lang='lat'>..</span> <span class='ocrx_word' id='word_1_43' title='bbox 1473 814 1593 878; x_wconf 88' lang='lat' dir='ltr'>decano</span> 
     </span>
     <span class='ocr_line' id='line_1_6' title="bbox 284 912 1591 999; baseline -0.004 -18"><span class='ocrx_word' id='word_1_44' title='bbox 284 965 311 981; x_wconf 94' lang='lat'>..</span> <span class='ocrx_word' id='word_1_45' title='bbox 338 922 368 978; x_wconf 91' lang='lat' dir='ltr'>et</span> <span class='ocrx_word' id='word_1_46' title='bbox 389 915 525 999; x_wconf 78' lang='lat' dir='ltr'>capiano</span> <span class='ocrx_word' id='word_1_47' title='bbox 545 932 601 997; x_wconf 91' lang='lat' dir='ltr'>pro</span> <span class='ocrx_word' id='word_1_48' title='bbox 623 912 714 977; x_wconf 88' lang='lat' dir='ltr'>dictis</span> <span class='ocrx_word' id='word_1_49' title='bbox 736 912 949 977; x_wconf 87' lang='lat' dir='ltr'>decimacione</span> <span class='ocrx_word' id='word_1_50' title='bbox 970 931 1028 975; x_wconf 89' lang='lat' dir='ltr'>seu</span> <span class='ocrx_word' id='word_1_51' title='bbox 1049 912 1172 975; x_wconf 89' lang='lat' dir='ltr'>decima</span> <span class='ocrx_word' id='word_1_52' title='bbox 1190 932 1247 995; x_wconf 92' lang='lat' dir='ltr'>pro</span> <span class='ocrx_word' id='word_1_53' title='bbox 1267 933 1319 977; x_wconf 93' lang='lat' dir='ltr'>me</span> <span class='ocrx_word' id='word_1_54' title='bbox 1339 914 1483 997; x_wconf 84' lang='lat' dir='ltr'>meisque</span> <span class='ocrx_word' id='word_1_55' title='bbox 1504 912 1591 977; x_wconf 89' lang='lat' dir='ltr'>here·</span> 
     </span>
     <span class='ocr_line' id='line_1_7' title="bbox 282 1009 1591 1095; baseline -0.002 -20"><span class='ocrx_word' id='word_1_56' title='bbox 282 1014 375 1076; x_wconf 89' lang='lat' dir='ltr'>dibus</span> <span class='ocrx_word' id='word_1_57' title='bbox 401 1032 457 1076; x_wconf 89' lang='lat' dir='ltr'>seu</span> <span class='ocrx_word' id='word_1_58' title='bbox 487 1010 723 1075; x_wconf 85' lang='lat' dir='ltr'>suecessoribus</span> <span class='ocrx_word' id='word_1_59' title='bbox 749 1012 927 1094; x_wconf 83' lang='lat' dir='ltr'>permutavi</span> <span class='ocrx_word' id='word_1_60' title='bbox 952 1009 1103 1092; x_wconf 79' lang='lat' dir='ltr'>legittime</span> <span class='ocrx_word' id='word_1_61' title='bbox 1132 1017 1163 1073; x_wconf 94' lang='lat' dir='ltr'>et</span> <span class='ocrx_word' id='word_1_62' title='bbox 1190 1016 1335 1093; x_wconf 84' lang='lat' dir='ltr'>permoto</span> <span class='ocrx_word' id='word_1_63' title='bbox 1359 1013 1429 1095; x_wconf 85' lang='lat' dir='ltr'>ipsa</span> <span class='ocrx_word' id='word_1_64' title='bbox 1448 1010 1532 1075; x_wconf 88' lang='lat' dir='ltr'>bona</span> <span class='ocrx_word' id='word_1_65' title='bbox 1553 1030 1591 1073; x_wconf 85' lang='lat' dir='ltr'>ac</span> 
     </span>
     <span class='ocr_line' id='line_1_8' title="bbox 282 1107 1591 1195; baseline -0.002 -21"><span class='ocrx_word' id='word_1_66' title='bbox 282 1131 413 1175; x_wconf 86' lang='lat' dir='ltr'>censum</span> <span class='ocrx_word' id='word_1_67' title='bbox 432 1111 606 1195; x_wconf 89' lang='lat' dir='ltr'>predictum</span> <span class='ocrx_word' id='word_1_68' title='bbox 622 1115 653 1173; x_wconf 90' lang='lat' dir='ltr'>et</span> <span class='ocrx_word' id='word_1_69' title='bbox 669 1128 763 1173; x_wconf 89' lang='lat' dir='ltr'>onrne</span> <span class='ocrx_word' id='word_1_70' title='bbox 784 1109 844 1187; x_wconf 90' lang='lat' dir='ltr'>ius,</span> <span class='ocrx_word' id='word_1_71' title='bbox 864 1107 960 1170; x_wconf 91' lang='lat' dir='ltr'>michi</span> <span class='ocrx_word' id='word_1_72' title='bbox 980 1109 1014 1169; x_wconf 89' lang='lat' dir='ltr'>in</span> <span class='ocrx_word' id='word_1_73' title='bbox 1035 1108 1114 1191; x_wconf 92' lang='lat' dir='ltr'>ipsis</span> <span class='ocrx_word' id='word_1_74' title='bbox 1133 1113 1322 1191; x_wconf 86' lang='lat' dir='ltr'>competens,</span> <span class='ocrx_word' id='word_1_75' title='bbox 1345 1127 1386 1171; x_wconf 78' lang='lat' dir='ltr'>ex</span> <span class='ocrx_word' id='word_1_76' title='bbox 1406 1128 1502 1173; x_wconf 87' lang='lat' dir='ltr'>causa</span> <span class='ocrx_word' id='word_1_77' title='bbox 1522 1128 1591 1191; x_wconf 91' lang='lat' dir='ltr'>per-</span> 
     </span>
     <span class='ocr_line' id='line_1_9' title="bbox 284 1205 1590 1290; baseline 0.001 -17"><span class='ocrx_word' id='word_1_78' title='bbox 284 1210 467 1273; x_wconf 82' lang='lat' dir='ltr'>mutationis</span> <span class='ocrx_word' id='word_1_79' title='bbox 484 1208 667 1271; x_wconf 89' lang='lat' dir='ltr'>huiusmodi</span> <span class='ocrx_word' id='word_1_80' title='bbox 684 1208 715 1269; x_wconf 93' lang='lat' dir='ltr'>in</span> <span class='ocrx_word' id='word_1_81' title='bbox 734 1207 859 1270; x_wconf 89' lang='lat' dir='ltr'>eosdem</span> <span class='ocrx_word' id='word_1_82' title='bbox 878 1205 1023 1269; x_wconf 90' lang='lat' dir='ltr'>dominos</span> <span class='ocrx_word' id='word_1_83' title='bbox 1039 1205 1194 1269; x_wconf 89' lang='lat' dir='ltr'>decanum</span> <span class='ocrx_word' id='word_1_84' title='bbox 1205 1212 1237 1269; x_wconf 87' lang='lat' dir='ltr'>et</span> <span class='ocrx_word' id='word_1_85' title='bbox 1248 1207 1421 1290; x_wconf 89' lang='lat' dir='ltr'>capitulum</span> <span class='ocrx_word' id='word_1_86' title='bbox 1433 1210 1590 1275; x_wconf 87' lang='lat' dir='ltr'>etdictam</span> 
     </span>
     <span class='ocr_line' id='line_1_10' title="bbox 284 1303 1592 1392; baseline 0.002 -22"><span class='ocrx_word' id='word_1_87' title='bbox 284 1327 394 1370; x_wconf 90' lang='lat' dir='ltr'>eorum</span> <span class='ocrx_word' id='word_1_88' title='bbox 423 1306 586 1369; x_wconf 89' lang='lat' dir='ltr'>ecclesiam</span> <span class='ocrx_word' id='word_1_89' title='bbox 616 1305 756 1391; x_wconf 78' lang='lat' dir='ltr'>plenarie</span> <span class='ocrx_word' id='word_1_90' title='bbox 778 1303 1008 1383; x_wconf 77' lang='lat' dir='ltr'>transferendo,</span> <span class='ocrx_word' id='word_1_91' title='bbox 1035 1306 1221 1386; x_wconf 89' lang='lat' dir='ltr'>promittens</span> <span class='ocrx_word' id='word_1_92' title='bbox 1243 1324 1300 1387; x_wconf 89' lang='lat' dir='ltr'>pro</span> <span class='ocrx_word' id='word_1_93' title='bbox 1324 1324 1377 1369; x_wconf 93' lang='lat' dir='ltr'>me</span> <span class='ocrx_word' id='word_1_94' title='bbox 1397 1356 1425 1372; x_wconf 90' lang='lat'>..</span> <span class='ocrx_word' id='word_1_95' title='bbox 1447 1309 1592 1392; x_wconf 86' lang='lat' dir='ltr'>meisque</span> 
     </span>
     <span class='ocr_line' id='line_1_11' title="bbox 283 1402 1590 1490; baseline 0.002 -22"><span class='ocrx_word' id='word_1_96' title='bbox 283 1405 458 1479; x_wconf 82' lang='lat' dir='ltr'>heredibus</span> <span class='ocrx_word' id='word_1_97' title='bbox 486 1424 542 1467; x_wconf 88' lang='lat' dir='ltr'>sen</span> <span class='ocrx_word' id='word_1_98' title='bbox 580 1402 817 1466; x_wconf 87' lang='lat' dir='ltr'>successoribus</span> <span class='ocrx_word' id='word_1_99' title='bbox 850 1402 1007 1465; x_wconf 91' lang='lat' dir='ltr'>iamdictis</span> <span class='ocrx_word' id='word_1_100' title='bbox 1042 1403 1180 1465; x_wconf 90' lang='lat' dir='ltr'>dominis</span> <span class='ocrx_word' id='word_1_101' title='bbox 1206 1450 1231 1467; x_wconf 89' lang='lat'>..</span> <span class='ocrx_word' id='word_1_102' title='bbox 1253 1403 1371 1467; x_wconf 84' lang='lat' dir='ltr'>decano</span> <span class='ocrx_word' id='word_1_103' title='bbox 1398 1411 1430 1468; x_wconf 88' lang='lat' dir='ltr'>et</span> <span class='ocrx_word' id='word_1_104' title='bbox 1453 1408 1590 1490; x_wconf 89' lang='lat' dir='ltr'>capitulo</span> 
     </span>
     <span class='ocr_line' id='line_1_12' title="bbox 283 1499 1590 1583; baseline 0.002 -17"><span class='ocrx_word' id='word_1_105' title='bbox 283 1525 341 1568; x_wconf 93' lang='lat' dir='ltr'>suo</span> <span class='ocrx_word' id='word_1_106' title='bbox 376 1509 407 1567; x_wconf 91' lang='lat' dir='ltr'>et</span> <span class='ocrx_word' id='word_1_107' title='bbox 435 1504 516 1565; x_wconf 85' lang='lat' dir='ltr'>dicte</span> <span class='ocrx_word' id='word_1_108' title='bbox 545 1521 656 1565; x_wconf 87' lang='lat' dir='ltr'>eornm</span> <span class='ocrx_word' id='word_1_109' title='bbox 681 1501 810 1565; x_wconf 82' lang='lat' dir='ltr'>ecclesie</span> <span class='ocrx_word' id='word_1_110' title='bbox 836 1499 1040 1583; x_wconf 81' lang='lat' dir='ltr'>stipulatione</span> <span class='ocrx_word' id='word_1_111' title='bbox 1065 1499 1220 1583; x_wconf 87' lang='lat' dir='ltr'>solempni</span> <span class='ocrx_word' id='word_1_112' title='bbox 1248 1500 1287 1563; x_wconf 93' lang='lat' dir='ltr'>de</span> <span class='ocrx_word' id='word_1_113' title='bbox 1314 1500 1403 1565; x_wconf 90' lang='lat' dir='ltr'>bonis</span> <span class='ocrx_word' id='word_1_114' title='bbox 1432 1512 1464 1567; x_wconf 90' lang='lat' dir='ltr'>et</span> <span class='ocrx_word' id='word_1_115' title='bbox 1491 1525 1590 1569; x_wconf 89' lang='lat' dir='ltr'>ceusu</span> 
     </span>
     <span class='ocr_line' id='line_1_13' title="bbox 283 1598 1591 1686; baseline 0.002 -22"><span class='ocrx_word' id='word_1_116' title='bbox 283 1602 431 1686; x_wconf 83' lang='lat' dir='ltr'>predictis</span> <span class='ocrx_word' id='word_1_117' title='bbox 462 1608 624 1683; x_wconf 87' lang='lat' dir='ltr'>tamquam</span> <span class='ocrx_word' id='word_1_118' title='bbox 651 1600 784 1683; x_wconf 90' lang='lat' dir='ltr'>propriis</span> <span class='ocrx_word' id='word_1_119' title='bbox 815 1598 968 1681; x_wconf 85' lang='lat' dir='ltr'>legittime</span> <span class='ocrx_word' id='word_1_120' title='bbox 998 1598 1194 1677; x_wconf 70' lang='lat' dir='ltr'>wopandans,</span> <span class='ocrx_word' id='word_1_121' title='bbox 1225 1598 1265 1661; x_wconf 90' lang='lat' dir='ltr'>de</span> <span class='ocrx_word' id='word_1_122' title='bbox 1290 1601 1445 1664; x_wconf 86' lang='lat' dir='ltr'>evictioue</span> <span class='ocrx_word' id='word_1_123' title='bbox 1472 1622 1591 1684; x_wconf 84' lang='lat' dir='ltr'>cavere,</span> 
     </span>
     <span class='ocr_line' id='line_1_14' title="bbox 282 1696 1591 1777; baseline -0.002 -10"><span class='ocrx_word' id='word_1_124' title='bbox 282 1704 370 1768; x_wconf 88' lang='lat' dir='ltr'>litem</span> <span class='ocrx_word' id='word_1_125' title='bbox 397 1719 452 1762; x_wconf 90' lang='lat' dir='ltr'>seu</span> <span class='ocrx_word' id='word_1_126' title='bbox 481 1698 726 1761; x_wconf 80' lang='lat' dir='ltr'>controversiam</span> <span class='ocrx_word' id='word_1_127' title='bbox 752 1716 816 1760; x_wconf 91' lang='lat' dir='ltr'>non</span> <span class='ocrx_word' id='word_1_128' title='bbox 845 1696 961 1758; x_wconf 87' lang='lat' dir='ltr'>inferre</span> <span class='ocrx_word' id='word_1_129' title='bbox 988 1715 1046 1758; x_wconf 90' lang='lat' dir='ltr'>nec</span> <span class='ocrx_word' id='word_1_130' title='bbox 1071 1696 1217 1758; x_wconf 85' lang='lat' dir='ltr'>inferenti</span> <span class='ocrx_word' id='word_1_131' title='bbox 1239 1700 1430 1777; x_wconf 89' lang='lat' dir='ltr'>consentire,</span> <span class='ocrx_word' id='word_1_132' title='bbox 1460 1700 1516 1762; x_wconf 88' lang='lat' dir='ltr'>sed</span> <span class='ocrx_word' id='word_1_133' title='bbox 1536 1720 1591 1765; x_wconf 89' lang='lat' dir='ltr'>eos</span> 
     </span>
     <span class='ocr_line' id='line_1_15' title="bbox 284 1792 1590 1882; baseline -0.002 -19"><span class='ocrx_word' id='word_1_134' title='bbox 284 1818 379 1882; x_wconf 88' lang='lat' dir='ltr'>super</span> <span class='ocrx_word' id='word_1_135' title='bbox 405 1798 483 1880; x_wconf 90' lang='lat' dir='ltr'>ipsis</span> <span class='ocrx_word' id='word_1_136' title='bbox 514 1796 553 1858; x_wconf 91' lang='lat' dir='ltr'>ab</span> <span class='ocrx_word' id='word_1_137' title='bbox 582 1796 776 1878; x_wconf 89' lang='lat' dir='ltr'>impetitione</span> <span class='ocrx_word' id='word_1_138' title='bbox 806 1792 1021 1877; x_wconf 85' lang='lat' dir='ltr'>quorumlibet</span> <span class='ocrx_word' id='word_1_139' title='bbox 1048 1793 1178 1856; x_wconf 85' lang='lat' dir='ltr'>reddere</span> <span class='ocrx_word' id='word_1_140' title='bbox 1202 1793 1316 1857; x_wconf 89' lang='lat' dir='ltr'>liberos</span> <span class='ocrx_word' id='word_1_141' title='bbox 1343 1801 1374 1859; x_wconf 88' lang='lat' dir='ltr'>et</span> <span class='ocrx_word' id='word_1_142' title='bbox 1395 1798 1590 1882; x_wconf 88' lang='lat' dir='ltr'>indempnes.</span> 
     </span>
     <span class='ocr_line' id='line_1_16' title="bbox 283 1890 1593 1977; baseline 0.001 -18"><span class='ocrx_word' id='word_1_143' title='bbox 283 1897 447 1959; x_wconf 88' lang='lat' dir='ltr'>Renuncio</span> <span class='ocrx_word' id='word_1_144' title='bbox 468 1896 567 1957; x_wconf 86' lang='lat' dir='ltr'>eciam</span> <span class='ocrx_word' id='word_1_145' title='bbox 590 1894 677 1957; x_wconf 89' lang='lat' dir='ltr'>omni</span> <span class='ocrx_word' id='word_1_146' title='bbox 698 1894 777 1973; x_wconf 87' lang='lat' dir='ltr'>iuri,</span> <span class='ocrx_word' id='word_1_147' title='bbox 811 1911 904 1976; x_wconf 87' lang='lat' dir='ltr'>opere</span> <span class='ocrx_word' id='word_1_148' title='bbox 934 1898 965 1955; x_wconf 90' lang='lat' dir='ltr'>et</span> <span class='ocrx_word' id='word_1_149' title='bbox 991 1891 1126 1969; x_wconf 79' lang='lat' dir='ltr'>arrxilio,</span> <span class='ocrx_word' id='word_1_150' title='bbox 1155 1890 1272 1974; x_wconf 90' lang='lat' dir='ltr'>quibus</span> <span class='ocrx_word' id='word_1_151' title='bbox 1298 1893 1379 1956; x_wconf 88' lang='lat' dir='ltr'>dicte</span> <span class='ocrx_word' id='word_1_152' title='bbox 1396 1899 1593 1977; x_wconf 78' lang='lat' dir='ltr'>permutatio,</span> 
     </span>
     <span class='ocr_line' id='line_1_17' title="bbox 283 1990 1591 2079; baseline -0.001 -20"><span class='ocrx_word' id='word_1_153' title='bbox 283 1996 408 2059; x_wconf 89' lang='lat' dir='ltr'>traditio</span> <span class='ocrx_word' id='word_1_154' title='bbox 436 2000 466 2055; x_wconf 86' lang='lat' dir='ltr'>et</span> <span class='ocrx_word' id='word_1_155' title='bbox 494 1992 656 2056; x_wconf 83' lang='lat' dir='ltr'>translatio</span> <span class='ocrx_word' id='word_1_156' title='bbox 685 1992 717 2054; x_wconf 91' lang='lat' dir='ltr'>in</span> <span class='ocrx_word' id='word_1_157' title='bbox 740 1999 803 2055; x_wconf 90' lang='lat' dir='ltr'>toto</span> <span class='ocrx_word' id='word_1_158' title='bbox 827 1990 875 2053; x_wconf 89' lang='lat' dir='ltr'>vel</span> <span class='ocrx_word' id='word_1_159' title='bbox 898 1993 930 2053; x_wconf 93' lang='lat' dir='ltr'>in</span> <span class='ocrx_word' id='word_1_160' title='bbox 952 1995 1038 2073; x_wconf 90' lang='lat' dir='ltr'>parte</span> <span class='ocrx_word' id='word_1_161' title='bbox 1059 1991 1183 2070; x_wconf 85' lang='lat' dir='ltr'>viciari,</span> <span class='ocrx_word' id='word_1_162' title='bbox 1209 1992 1325 2054; x_wconf 86' lang='lat' dir='ltr'>irritari</span> <span class='ocrx_word' id='word_1_163' title='bbox 1346 2000 1452 2075; x_wconf 91' lang='lat' dir='ltr'>posset</span> <span class='ocrx_word' id='word_1_164' title='bbox 1470 1995 1591 2079; x_wconf 87' lang='lat' dir='ltr'>aliqua·</span> 
     </span>
     <span class='ocr_line' id='line_1_18' title="bbox 284 2088 1591 2173; baseline -0.001 -17"><span class='ocrx_word' id='word_1_165' title='bbox 284 2093 354 2157; x_wconf 90' lang='lat' dir='ltr'>liter</span> <span class='ocrx_word' id='word_1_166' title='bbox 376 2092 424 2154; x_wconf 87' lang='lat' dir='ltr'>vel</span> <span class='ocrx_word' id='word_1_167' title='bbox 446 2091 589 2154; x_wconf 86' lang='lat' dir='ltr'>rescindi.</span> <span class='ocrx_word' id='word_1_168' title='bbox 627 2088 668 2152; x_wconf 82' lang='lat' dir='ltr'>Et</span> <span class='ocrx_word' id='word_1_169' title='bbox 689 2091 721 2151; x_wconf 94' lang='lat' dir='ltr'>in</span> <span class='ocrx_word' id='word_1_170' title='bbox 743 2090 970 2173; x_wconf 89' lang='lat' dir='ltr'>premissorum</span> <span class='ocrx_word' id='word_1_171' title='bbox 991 2090 1209 2151; x_wconf 86' lang='lat' dir='ltr'>testimonium</span> <span class='ocrx_word' id='word_1_172' title='bbox 1231 2093 1261 2151; x_wconf 89' lang='lat' dir='ltr'>et</span> <span class='ocrx_word' id='word_1_173' title='bbox 1280 2090 1471 2153; x_wconf 90' lang='lat' dir='ltr'>evidentiam</span> <span class='ocrx_word' id='word_1_174' title='bbox 1492 2091 1591 2155; x_wconf 89' lang='lat' dir='ltr'>firmi·</span> 
     </span>
     <span class='ocr_line' id='line_1_19' title="bbox 284 2186 1591 2273; baseline -0.002 -18"><span class='ocrx_word' id='word_1_175' title='bbox 284 2210 371 2255; x_wconf 89' lang='lat' dir='ltr'>orem</span> <span class='ocrx_word' id='word_1_176' title='bbox 400 2189 548 2273; x_wconf 89' lang='lat' dir='ltr'>predictis</span> <span class='ocrx_word' id='word_1_177' title='bbox 576 2188 714 2251; x_wconf 89' lang='lat' dir='ltr'>dominis</span> <span class='ocrx_word' id='word_1_178' title='bbox 743 2188 861 2250; x_wconf 88' lang='lat' dir='ltr'>decano</span> <span class='ocrx_word' id='word_1_179' title='bbox 890 2193 922 2249; x_wconf 90' lang='lat' dir='ltr'>et</span> <span class='ocrx_word' id='word_1_180' title='bbox 945 2186 1082 2269; x_wconf 89' lang='lat' dir='ltr'>capitulo</span> <span class='ocrx_word' id='word_1_181' title='bbox 1103 2187 1160 2249; x_wconf 91' lang='lat' dir='ltr'>has</span> <span class='ocrx_word' id='word_1_182' title='bbox 1181 2187 1300 2249; x_wconf 88' lang='lat' dir='ltr'>litteras</span> <span class='ocrx_word' id='word_1_183' title='bbox 1321 2186 1391 2250; x_wconf 89' lang='lat' dir='ltr'>dedi</span> <span class='ocrx_word' id='word_1_184' title='bbox 1413 2190 1476 2252; x_wconf 89' lang='lat' dir='ltr'>mei</span> <span class='ocrx_word' id='word_1_185' title='bbox 1496 2190 1591 2273; x_wconf 86' lang='lat' dir='ltr'>sigilli</span> 
     </span>
     <span class='ocr_line' id='line_1_20' title="bbox 285 2284 1591 2367; baseline -0.002 -14"><span class='ocrx_word' id='word_1_186' title='bbox 285 2308 408 2353; x_wconf 85' lang='lat' dir='ltr'>necnon</span> <span class='ocrx_word' id='word_1_187' title='bbox 436 2285 629 2350; x_wconf 88' lang='lat' dir='ltr'>honorabilis</span> <span class='ocrx_word' id='word_1_188' title='bbox 658 2288 717 2348; x_wconf 89' lang='lat' dir='ltr'>viri</span> <span class='ocrx_word' id='word_1_189' title='bbox 747 2285 867 2349; x_wconf 90' lang='lat' dir='ltr'>domini</span> <span class='ocrx_word' id='word_1_190' title='bbox 890 2284 1081 2347; x_wconf 86' lang='lat' dir='ltr'>..officialis</span> <span class='ocrx_word' id='word_1_191' title='bbox 1109 2286 1304 2367; x_wconf 87' lang='lat' dir='ltr'>prepositure</span> <span class='ocrx_word' id='word_1_192' title='bbox 1333 2287 1464 2350; x_wconf 90' lang='lat' dir='ltr'>ecclesie</span> <span class='ocrx_word' id='word_1_193' title='bbox 1485 2295 1591 2351; x_wconf 88' lang='lat' dir='ltr'>sancte</span> 
     </span>
     <span class='ocr_line' id='line_1_21' title="bbox 283 2382 1591 2468; baseline -0.003 -17"><span class='ocrx_word' id='word_1_194' title='bbox 283 2388 382 2451; x_wconf 87' lang='lat' dir='ltr'>Maria</span> <span class='ocrx_word' id='word_1_195' title='bbox 409 2385 607 2448; x_wconf 81' lang='lat' dir='ltr'>Erfordensis</span> <span class='ocrx_word' id='word_1_196' title='bbox 633 2387 823 2468; x_wconf 87' lang='lat' dir='ltr'>appensione</span> <span class='ocrx_word' id='word_1_197' title='bbox 849 2385 998 2446; x_wconf 87' lang='lat' dir='ltr'>munitas</span> <span class='ocrx_word' id='word_1_198' title='bbox 1047 2382 1114 2445; x_wconf 89' lang='lat' dir='ltr'>Nos</span> <span class='ocrx_word' id='word_1_199' title='bbox 1146 2402 1274 2465; x_wconf 92' lang='lat' dir='ltr'>quoque</span> <span class='ocrx_word' id='word_1_200' title='bbox 1296 2431 1322 2447; x_wconf 89' lang='lat'>..</span> <span class='ocrx_word' id='word_1_201' title='bbox 1349 2383 1493 2447; x_wconf 81' lang='lat' dir='ltr'>officialis</span> <span class='ocrx_word' id='word_1_202' title='bbox 1524 2404 1591 2467; x_wconf 74' lang='lat' dir='ltr'>pre</span> 
     </span>
     <span class='ocr_line' id='line_1_22' title="bbox 283 2481 1592 2569; baseline -0.003 -20"><span class='ocrx_word' id='word_1_203' title='bbox 283 2487 423 2569; x_wconf 88' lang='lat' dir='ltr'>positure</span> <span class='ocrx_word' id='word_1_204' title='bbox 437 2484 567 2547; x_wconf 84' lang='lat' dir='ltr'>ecclesie</span> <span class='ocrx_word' id='word_1_205' title='bbox 587 2502 611 2545; x_wconf 90' lang='lat' dir='ltr'>s.</span> <span class='ocrx_word' id='word_1_206' title='bbox 623 2481 721 2545; x_wconf 83' lang='lat' dir='ltr'>Maria</span> <span class='ocrx_word' id='word_1_207' title='bbox 742 2482 880 2565; x_wconf 85' lang='lat' dir='ltr'>predicte</span> <span class='ocrx_word' id='word_1_208' title='bbox 901 2482 1157 2561; x_wconf 80' lang='lat' dir='ltr'>recognoscimus</span> <span class='ocrx_word' id='word_1_209' title='bbox 1178 2481 1302 2563; x_wconf 87' lang='lat' dir='ltr'>publice</span> <span class='ocrx_word' id='word_1_210' title='bbox 1322 2483 1356 2544; x_wconf 91' lang='lat' dir='ltr'>in</span> <span class='ocrx_word' id='word_1_211' title='bbox 1378 2483 1439 2545; x_wconf 89' lang='lat' dir='ltr'>hiis</span> <span class='ocrx_word' id='word_1_212' title='bbox 1460 2484 1592 2567; x_wconf 86' lang='lat' dir='ltr'>scriptis,</span> 
     </span>
     <span class='ocr_line' id='line_1_23' title="bbox 284 2577 1593 2667; baseline -0.002 -20"><span class='ocrx_word' id='word_1_213' title='bbox 284 2584 369 2667; x_wconf 89' lang='lat' dir='ltr'>quod</span> <span class='ocrx_word' id='word_1_214' title='bbox 395 2584 434 2645; x_wconf 92' lang='lat' dir='ltr'>ad</span> <span class='ocrx_word' id='word_1_215' title='bbox 463 2600 571 2664; x_wconf 88' lang='lat' dir='ltr'>preces</span> <span class='ocrx_word' id='word_1_216' title='bbox 596 2582 718 2665; x_wconf 89' lang='lat' dir='ltr'>providi</span> <span class='ocrx_word' id='word_1_217' title='bbox 747 2582 805 2642; x_wconf 82' lang='lat' dir='ltr'>viri</span> <span class='ocrx_word' id='word_1_218' title='bbox 827 2580 1003 2642; x_wconf 77' lang='lat' dir='ltr'>(lotschalci</span> <span class='ocrx_word' id='word_1_219' title='bbox 1026 2577 1171 2641; x_wconf 90' lang='lat' dir='ltr'>Lubelini</span> <span class='ocrx_word' id='word_1_220' title='bbox 1197 2587 1229 2641; x_wconf 90' lang='lat' dir='ltr'>et</span> <span class='ocrx_word' id='word_1_221' title='bbox 1249 2579 1333 2643; x_wconf 88' lang='lat' dir='ltr'>Uthe</span> <span class='ocrx_word' id='word_1_222' title='bbox 1359 2581 1505 2663; x_wconf 87' lang='lat' dir='ltr'>coniugis</span> <span class='ocrx_word' id='word_1_223' title='bbox 1535 2600 1593 2645; x_wconf 91' lang='lat' dir='ltr'>sne</span> 
     </span>
     <span class='ocr_line' id='line_1_24' title="bbox 284 2676 1592 2767; baseline -0.002 -22"><span class='ocrx_word' id='word_1_224' title='bbox 284 2684 528 2767; x_wconf 87' lang='lat' dir='ltr'>prescriptorum</span> <span class='ocrx_word' id='word_1_225' title='bbox 557 2680 695 2763; x_wconf 83' lang='lat' dir='ltr'>sigillum</span> <span class='ocrx_word' id='word_1_226' title='bbox 724 2678 923 2741; x_wconf 84' lang='lat' dir='ltr'>officialitatis</span> <span class='ocrx_word' id='word_1_227' title='bbox 949 2679 1144 2761; x_wconf 91' lang='lat' dir='ltr'>prepositure</span> <span class='ocrx_word' id='word_1_228' title='bbox 1176 2698 1200 2741; x_wconf 91' lang='lat' dir='ltr'>s.</span> <span class='ocrx_word' id='word_1_229' title='bbox 1213 2676 1312 2741; x_wconf 84' lang='lat' dir='ltr'>Maria</span> <span class='ocrx_word' id='word_1_230' title='bbox 1340 2688 1501 2761; x_wconf 83' lang='lat' dir='ltr'>prenotate</span> <span class='ocrx_word' id='word_1_231' title='bbox 1532 2681 1592 2742; x_wconf 87' lang='lat' dir='ltr'>hiis</span> 
     </span>
     <span class='ocr_line' id='line_1_25' title="bbox 284 2774 1592 2863; baseline -0.002 -18"><span class='ocrx_word' id='word_1_232' title='bbox 284 2782 396 2845; x_wconf 86' lang='lat' dir='ltr'>litteris</span> <span class='ocrx_word' id='word_1_233' title='bbox 418 2782 624 2863; x_wconf 88' lang='lat' dir='ltr'>apposuimus</span> <span class='ocrx_word' id='word_1_234' title='bbox 645 2779 678 2840; x_wconf 91' lang='lat' dir='ltr'>in</span> <span class='ocrx_word' id='word_1_235' title='bbox 700 2778 830 2841; x_wconf 88' lang='lat' dir='ltr'>evidens</span> <span class='ocrx_word' id='word_1_236' title='bbox 852 2777 1069 2839; x_wconf 90' lang='lat' dir='ltr'>testimonium</span> <span class='ocrx_word' id='word_1_237' title='bbox 1092 2777 1327 2859; x_wconf 90' lang='lat' dir='ltr'>premissorum.</span> <span class='ocrx_word' id='word_1_238' title='bbox 1369 2774 1487 2841; x_wconf 88' lang='lat' dir='ltr'>Datum</span> <span class='ocrx_word' id='word_1_239' title='bbox 1508 2796 1592 2843; x_wconf 88' lang='lat' dir='ltr'>anuo</span> 
     </span>
     <span class='ocr_line' id='line_1_26' title="bbox 285 2874 1591 2959; baseline -0.001 -18"><span class='ocrx_word' id='word_1_240' title='bbox 285 2878 416 2943; x_wconf 91' lang='lat' dir='ltr'>Domini</span> <span class='ocrx_word' id='word_1_241' title='bbox 438 2878 605 2941; x_wconf 88' lang='lat' dir='ltr'>millesimo</span> <span class='ocrx_word' id='word_1_242' title='bbox 628 2876 840 2939; x_wconf 87' lang='lat' dir='ltr'>tricentesimo</span> <span class='ocrx_word' id='word_1_243' title='bbox 863 2876 1148 2959; x_wconf 85' lang='lat' dir='ltr'>quiuquagesimo,</span> <span class='ocrx_word' id='word_1_244' title='bbox 1170 2877 1303 2959; x_wconf 91' lang='lat' dir='ltr'>septimo</span> <span class='ocrx_word' id='word_1_245' title='bbox 1325 2874 1395 2939; x_wconf 84' lang='lat' dir='ltr'>Kal.</span> <span class='ocrx_word' id='word_1_246' title='bbox 1418 2875 1591 2940; x_wconf 75' lang='lat' dir='ltr'>Februarii.</span> 
     </span>
    </p>
   </div>
   <div class='ocr_carea' id='block_1_3' title="bbox 285 3079 1592 3166">
    <p class='ocr_par' dir='ltr' id='par_1_3' title="bbox 285 3079 1592 3166">
     <span class='ocr_line' id='line_1_27' title="bbox 285 3079 1592 3166; baseline -0.002 -2"><span class='ocrx_word' id='word_1_247' title='bbox 285 3083 402 3166; x_wconf 78' lang='lat'><strong>1350.</strong></span> <span class='ocrx_word' id='word_1_248' title='bbox 430 3082 624 3163; x_wconf 79' lang='lat' dir='ltr'>Februar</span> <span class='ocrx_word' id='word_1_249' title='bbox 651 3080 689 3161; x_wconf 81' lang='lat'>2.</span> <span class='ocrx_word' id='word_1_250' title='bbox 1502 3079 1592 3162; x_wconf 87' lang='grc'><strong>333.</strong></span> 
     </span>
    </p>
   </div>
   <div class='ocr_carea' id='block_1_4' title="bbox 384 3214 1594 3499">
    <p class='ocr_par' dir='ltr' id='par_1_4' title="bbox 384 3214 1594 3499">
     <span class='ocr_line' id='line_1_28' title="bbox 390 3214 1594 3297; baseline -0.004 -14"><span class='ocrx_word' id='word_1_251' title='bbox 390 3218 533 3294; x_wconf 76' lang='lat' dir='ltr'>Gerlach,</span> <span class='ocrx_word' id='word_1_252' title='bbox 553 3216 741 3297; x_wconf 76' lang='lat' dir='ltr'>Erabisclrof</span> <span class='ocrx_word' id='word_1_253' title='bbox 746 3236 804 3279; x_wconf 83' lang='lat' dir='ltr'>von</span> <span class='ocrx_word' id='word_1_254' title='bbox 816 3214 941 3291; x_wconf 73' lang='lat' dir='ltr'>Maian,</span> <span class='ocrx_word' id='word_1_255' title='bbox 961 3219 1100 3295; x_wconf 79' lang='lat' dir='ltr'>peslcttet</span> <span class='ocrx_word' id='word_1_256' title='bbox 1120 3216 1188 3277; x_wconf 86' lang='lat' dir='ltr'>dem</span> <span class='ocrx_word' id='word_1_257' title='bbox 1200 3214 1265 3277; x_wconf 75' lang='lat' dir='ltr'>nat</span> <span class='ocrx_word' id='word_1_258' title='bbox 1284 3216 1354 3277; x_wconf 77' lang='lat' dir='ltr'>aad</span> <span class='ocrx_word' id='word_1_259' title='bbox 1372 3215 1434 3277; x_wconf 81' lang='lat' dir='ltr'>den</span> <span class='ocrx_word' id='word_1_260' title='bbox 1443 3214 1594 3294; x_wconf 76' lang='lat' dir='ltr'>Bairpern</span> 
     </span>
     <span class='ocr_line' id='line_1_29' title="bbox 384 3312 1594 3399; baseline -0.003 -18"><span class='ocrx_word' id='word_1_261' title='bbox 384 3337 426 3381; x_wconf 72' lang='lat' dir='ltr'>nu</span> <span class='ocrx_word' id='word_1_262' title='bbox 438 3314 566 3399; x_wconf 78' lang='lat' dir='ltr'>Erfnrt,</span> <span class='ocrx_word' id='word_1_263' title='bbox 590 3315 649 3377; x_wconf 83' lang='lat' dir='ltr'>dns</span> <span class='ocrx_word' id='word_1_264' title='bbox 674 3313 763 3391; x_wconf 75' lang='lat' dir='ltr'>Gelai,</span> <span class='ocrx_word' id='word_1_265' title='bbox 785 3312 910 3377; x_wconf 78' lang='lat' dir='ltr'>welches</span> <span class='ocrx_word' id='word_1_266' title='bbox 929 3314 981 3377; x_wconf 84' lang='lat' dir='ltr'>die</span> <span class='ocrx_word' id='word_1_267' title='bbox 1000 3314 1126 3395; x_wconf 73' lang='lat' dir='ltr'>Gnoson</span> <span class='ocrx_word' id='word_1_268' title='bbox 1147 3333 1205 3376; x_wconf 86' lang='lat' dir='ltr'>noa</span> <span class='ocrx_word' id='word_1_269' title='bbox 1226 3312 1432 3393; x_wconf 77' lang='lat' dir='ltr'>Beiclrlinpen</span> <span class='ocrx_word' id='word_1_270' title='bbox 1452 3314 1513 3377; x_wconf 83' lang='lat' dir='ltr'>den</span> <span class='ocrx_word' id='word_1_271' title='bbox 1533 3314 1594 3377; x_wconf 81' lang='lat' dir='ltr'>Er-</span> 
     </span>
     <span class='ocr_line' id='line_1_30' title="bbox 384 3411 1593 3499; baseline 0.001 -22"><span class='ocrx_word' id='word_1_272' title='bbox 384 3417 489 3499; x_wconf 75' lang='lat' dir='ltr'>jicrler</span> <span class='ocrx_word' id='word_1_273' title='bbox 498 3413 607 3477; x_wconf 71' lang='lat' dir='ltr'>Jocat</span> <span class='ocrx_word' id='word_1_274' title='bbox 620 3412 762 3495; x_wconf 74' lang='lat' dir='ltr'>seleuldip</span> <span class='ocrx_word' id='word_1_275' title='bbox 777 3432 893 3490; x_wconf 84' lang='lat' dir='ltr'>waren,</span> <span class='ocrx_word' id='word_1_276' title='bbox 914 3413 1122 3477; x_wconf 67' lang='lat' dir='ltr'>mnaaetreiden</span> <span class='ocrx_word' id='word_1_277' title='bbox 1137 3413 1207 3474; x_wconf 82' lang='lat' dir='ltr'>und</span> <span class='ocrx_word' id='word_1_278' title='bbox 1220 3414 1277 3494; x_wconf 67' lang='lat' dir='ltr'>fii-r</span> <span class='ocrx_word' id='word_1_279' title='bbox 1298 3411 1362 3474; x_wconf 75' lang='lat' dir='ltr'>sicli</span> <span class='ocrx_word' id='word_1_280' title='bbox 1381 3430 1423 3477; x_wconf 72' lang='lat' dir='ltr'>eu</span> <span class='ocrx_word' id='word_1_281' title='bbox 1445 3411 1593 3478; x_wconf 60' lang='lat' dir='ltr'>manea.</span> 
     </span>
    </p>
   </div>
   <div class='ocr_carea' id='block_1_5' title="bbox 439 3528 917 3599">
    <p class='ocr_par' dir='ltr' id='par_1_5' title="bbox 439 3528 917 3599">
     <span class='ocr_line' id='line_1_31' title="bbox 439 3528 917 3599; baseline -0.006 -15"><span class='ocrx_word' id='word_1_282' title='bbox 439 3531 483 3585; x_wconf 85' lang='lat' dir='ltr'>Or.</span> <span class='ocrx_word' id='word_1_283' title='bbox 501 3532 539 3583; x_wconf 81' lang='lat' dir='ltr'>im</span> <span class='ocrx_word' id='word_1_284' title='bbox 557 3529 715 3599; x_wconf 63' lang='lat' dir='ltr'>delean.</span> <span class='ocrx_word' id='word_1_285' title='bbox 733 3546 767 3583; x_wconf 71' lang='lat' dir='ltr'>au</span> <span class='ocrx_word' id='word_1_286' title='bbox 785 3530 825 3583; x_wconf 82' lang='lat' dir='ltr'>M.</span> <span class='ocrx_word' id='word_1_287' title='bbox 854 3528 881 3583; x_wconf 82' lang='lat' dir='ltr'>S.</span> <span class='ocrx_word' id='word_1_288' title='bbox 891 3528 917 3581; x_wconf 82' lang='lat' dir='ltr'>d.</span> 
     </span>
    </p>
   </div>
   <div class='ocr_carea' id='block_1_6' title="bbox 288 3651 1596 4629">
    <p class='ocr_par' dir='ltr' id='par_1_6' title="bbox 288 3651 1596 4629">
     <span class='ocr_line' id='line_1_32' title="bbox 370 3651 1594 3735; baseline -0.002 -17"><span class='ocrx_word' id='word_1_289' title='bbox 370 3654 438 3718; x_wconf 89' lang='lat' dir='ltr'>Wir</span> <span class='ocrx_word' id='word_1_290' title='bbox 449 3654 591 3734; x_wconf 80' lang='lat' dir='ltr'>Gerlach,</span> <span class='ocrx_word' id='word_1_291' title='bbox 608 3672 671 3715; x_wconf 91' lang='lat' dir='ltr'>von</span> <span class='ocrx_word' id='word_1_292' title='bbox 685 3652 786 3716; x_wconf 83' lang='lat' dir='ltr'>Gottis</span> <span class='ocrx_word' id='word_1_293' title='bbox 806 3652 931 3735; x_wconf 85' lang='lat' dir='ltr'>gnaden</span> <span class='ocrx_word' id='word_1_294' title='bbox 953 3652 1009 3714; x_wconf 85' lang='lat' dir='ltr'>dez</span> <span class='ocrx_word' id='word_1_295' title='bbox 1032 3651 1176 3733; x_wconf 86' lang='lat' dir='ltr'>heyligen</span> <span class='ocrx_word' id='word_1_296' title='bbox 1198 3652 1276 3715; x_wconf 83' lang='lat' dir='ltr'>stdls</span> <span class='ocrx_word' id='word_1_297' title='bbox 1297 3652 1472 3716; x_wconf 83' lang='lat' dir='ltr'>ndMentze</span> <span class='ocrx_word' id='word_1_298' title='bbox 1492 3672 1594 3716; x_wconf 77' lang='lat' dir='ltr'>ennae·</span> 
     </span>
     <span class='ocr_line' id='line_1_33' title="bbox 288 3750 1594 3833; baseline -0.002 -16"><span class='ocrx_word' id='word_1_299' title='bbox 288 3754 413 3817; x_wconf 84' lang='lat' dir='ltr'>bischol</span> <span class='ocrx_word' id='word_1_300' title='bbox 437 3761 503 3833; x_wconf 88' lang='lat' dir='ltr'>etc,</span> <span class='ocrx_word' id='word_1_301' title='bbox 522 3750 675 3816; x_wconf 89' lang='lat' dir='ltr'>enbieden</span> <span class='ocrx_word' id='word_1_302' title='bbox 705 3751 766 3813; x_wconf 90' lang='lat' dir='ltr'>den</span> <span class='ocrx_word' id='word_1_303' title='bbox 789 3750 901 3813; x_wconf 90' lang='lat' dir='ltr'>erbern</span> <span class='ocrx_word' id='word_1_304' title='bbox 922 3752 1021 3813; x_wconf 86' lang='lat' dir='ltr'>wisen</span> <span class='ocrx_word' id='word_1_305' title='bbox 1042 3750 1129 3813; x_wconf 89' lang='lat' dir='ltr'>luten</span> <span class='ocrx_word' id='word_1_306' title='bbox 1151 3800 1179 3814; x_wconf 93' lang='lat'>..</span> <span class='ocrx_word' id='word_1_307' title='bbox 1200 3751 1262 3813; x_wconf 90' lang='lat' dir='ltr'>deu</span> <span class='ocrx_word' id='word_1_308' title='bbox 1284 3754 1495 3831; x_wconf 87' lang='lat' dir='ltr'>ratmeistern,</span> <span class='ocrx_word' id='word_1_309' title='bbox 1521 3752 1594 3814; x_wconf 92' lang='lat' dir='ltr'>dem</span> 
     </span>
     <span class='ocr_line' id='line_1_34' title="bbox 288 3848 1592 3932; baseline -0.003 -17"><span class='ocrx_word' id='word_1_310' title='bbox 288 3860 353 3917; x_wconf 90' lang='lat' dir='ltr'>rate</span> <span class='ocrx_word' id='word_1_311' title='bbox 368 3854 434 3917; x_wconf 92' lang='lat' dir='ltr'>und</span> <span class='ocrx_word' id='word_1_312' title='bbox 457 3854 519 3915; x_wconf 92' lang='lat' dir='ltr'>den</span> <span class='ocrx_word' id='word_1_313' title='bbox 536 3848 915 3932; x_wconf 66' lang='lat' dir='ltr'>burgarnJgemeinlicheu</span> <span class='ocrx_word' id='word_1_314' title='bbox 937 3867 1068 3912; x_wconf 90' lang='lat' dir='ltr'>unserre</span> <span class='ocrx_word' id='word_1_315' title='bbox 1087 3853 1149 3911; x_wconf 91' lang='lat' dir='ltr'>stat</span> <span class='ocrx_word' id='word_1_316' title='bbox 1168 3848 1207 3911; x_wconf 82' lang='lat' dir='ltr'>nd</span> <span class='ocrx_word' id='word_1_317' title='bbox 1220 3848 1332 3928; x_wconf 75' lang='lat' dir='ltr'>liniunt,</span> <span class='ocrx_word' id='word_1_318' title='bbox 1353 3870 1470 3913; x_wconf 88' lang='lat' dir='ltr'>unsern</span> <span class='ocrx_word' id='word_1_319' title='bbox 1491 3849 1592 3913; x_wconf 89' lang='lat' dir='ltr'>liebou</span> 
     </span>
     <span class='ocr_line' id='line_1_35' title="bbox 288 3945 1595 4033; baseline -0.002 -19"><span class='ocrx_word' id='word_1_320' title='bbox 288 3959 460 4033; x_wconf 83' lang='lat' dir='ltr'>getruwen,</span> <span class='ocrx_word' id='word_1_321' title='bbox 474 3948 678 4013; x_wconf 82' lang='lat' dir='ltr'>unserlrulde</span> <span class='ocrx_word' id='word_1_322' title='bbox 694 3949 759 4010; x_wconf 92' lang='lat' dir='ltr'>und</span> <span class='ocrx_word' id='word_1_323' title='bbox 774 3947 850 4009; x_wconf 89' lang='lat' dir='ltr'>alles</span> <span class='ocrx_word' id='word_1_324' title='bbox 868 3946 930 4027; x_wconf 77' lang='lat' dir='ltr'>git</span> <span class='ocrx_word' id='word_1_325' title='bbox 962 3945 1077 4009; x_wconf 87' lang='lat' dir='ltr'>Urnme</span> <span class='ocrx_word' id='word_1_326' title='bbox 1093 3948 1151 4009; x_wconf 84' lang='lat' dir='ltr'>dan</span> <span class='ocrx_word' id='word_1_327' title='bbox 1173 3949 1201 4009; x_wconf 91' lang='lat' dir='ltr'>ir</span> <span class='ocrx_word' id='word_1_328' title='bbox 1220 3949 1281 4010; x_wconf 81' lang='lat' dir='ltr'>uch</span> <span class='ocrx_word' id='word_1_329' title='bbox 1306 3968 1346 4010; x_wconf 91' lang='lat' dir='ltr'>an</span> <span class='ocrx_word' id='word_1_330' title='bbox 1367 3949 1449 4011; x_wconf 89' lang='lat' dir='ltr'>allen</span> <span class='ocrx_word' id='word_1_331' title='bbox 1470 3948 1595 4022; x_wconf 84' lang='lat' dir='ltr'>sochen,</span> 
     </span>
     <span class='ocr_line' id='line_1_36' title="bbox 289 4044 1596 4131; baseline -0.002 -19"><span class='ocrx_word' id='word_1_332' title='bbox 289 4051 339 4113; x_wconf 90' lang='lat' dir='ltr'>die</span> <span class='ocrx_word' id='word_1_333' title='bbox 368 4069 429 4112; x_wconf 90' lang='lat' dir='ltr'>uns</span> <span class='ocrx_word' id='word_1_334' title='bbox 456 4048 520 4111; x_wconf 92' lang='lat' dir='ltr'>und</span> <span class='ocrx_word' id='word_1_335' title='bbox 549 4068 666 4112; x_wconf 89' lang='lat' dir='ltr'>unseru</span> <span class='ocrx_word' id='word_1_336' title='bbox 696 4047 762 4109; x_wconf 85' lang='lat' dir='ltr'>stilt</span> <span class='ocrx_word' id='word_1_337' title='bbox 788 4046 954 4123; x_wconf 83' lang='lat' dir='ltr'>annirent,</span> <span class='ocrx_word' id='word_1_338' title='bbox 981 4044 1142 4124; x_wconf 76' lang='lat' dir='ltr'>giitlicheu</span> <span class='ocrx_word' id='word_1_339' title='bbox 1170 4047 1237 4109; x_wconf 90' lang='lat' dir='ltr'>und</span> <span class='ocrx_word' id='word_1_340' title='bbox 1253 4046 1445 4110; x_wconf 85' lang='lat' dir='ltr'>fruntliclreu</span> <span class='ocrx_word' id='word_1_341' title='bbox 1466 4047 1596 4131; x_wconf 76' lang='lat' dir='ltr'>bewiset</span> 
     </span>
     <span class='ocr_line' id='line_1_37' title="bbox 289 4142 1595 4225; baseline -0.003 -14"><span class='ocrx_word' id='word_1_342' title='bbox 289 4148 383 4211; x_wconf 87' lang='lat' dir='ltr'>habet</span> <span class='ocrx_word' id='word_1_343' title='bbox 408 4148 475 4210; x_wconf 92' lang='lat' dir='ltr'>und</span> <span class='ocrx_word' id='word_1_344' title='bbox 498 4149 577 4210; x_wconf 86' lang='lat' dir='ltr'>noch</span> <span class='ocrx_word' id='word_1_345' title='bbox 600 4148 729 4210; x_wconf 83' lang='lat' dir='ltr'>bewiset</span> <span class='ocrx_word' id='word_1_346' title='bbox 750 4145 810 4207; x_wconf 88' lang='lat' dir='ltr'>alle</span> <span class='ocrx_word' id='word_1_347' title='bbox 831 4150 916 4225; x_wconf 84' lang='lat' dir='ltr'>tage,</span> <span class='ocrx_word' id='word_1_348' title='bbox 942 4142 1076 4205; x_wconf 90' lang='lat' dir='ltr'>darumb</span> <span class='ocrx_word' id='word_1_349' title='bbox 1097 4144 1164 4206; x_wconf 90' lang='lat' dir='ltr'>und</span> <span class='ocrx_word' id='word_1_350' title='bbox 1185 4146 1267 4207; x_wconf 91' lang='lat' dir='ltr'>anch</span> <span class='ocrx_word' id='word_1_351' title='bbox 1291 4145 1366 4207; x_wconf 91' lang='lat' dir='ltr'>umb</span> <span class='ocrx_word' id='word_1_352' title='bbox 1389 4146 1488 4207; x_wconf 88' lang='lat' dir='ltr'>ander</span> <span class='ocrx_word' id='word_1_353' title='bbox 1507 4145 1595 4207; x_wconf 89' lang='lat' dir='ltr'>rede·</span> 
     </span>
     <span class='ocr_line' id='line_1_38' title="bbox 288 4241 1595 4326; baseline -0.003 -17"><span class='ocrx_word' id='word_1_354' title='bbox 288 4247 369 4309; x_wconf 91' lang='lat' dir='ltr'>liche</span> <span class='ocrx_word' id='word_1_355' title='bbox 397 4246 504 4325; x_wconf 90' lang='lat' dir='ltr'>sache,</span> <span class='ocrx_word' id='word_1_356' title='bbox 528 4246 578 4307; x_wconf 92' lang='lat' dir='ltr'>die</span> <span class='ocrx_word' id='word_1_357' title='bbox 600 4264 661 4307; x_wconf 90' lang='lat' dir='ltr'>uns</span> <span class='ocrx_word' id='word_1_358' title='bbox 683 4243 778 4307; x_wconf 83' lang='lat' dir='ltr'>darzli</span> <span class='ocrx_word' id='word_1_359' title='bbox 800 4241 965 4324; x_wconf 80' lang='lat' dir='ltr'>benegen,</span> <span class='ocrx_word' id='word_1_360' title='bbox 992 4242 1034 4305; x_wconf 89' lang='lat' dir='ltr'>ist</span> <span class='ocrx_word' id='word_1_361' title='bbox 1054 4262 1152 4306; x_wconf 89' lang='lat' dir='ltr'>unser</span> <span class='ocrx_word' id='word_1_362' title='bbox 1171 4243 1265 4326; x_wconf 79' lang='lat' dir='ltr'>gilter</span> <span class='ocrx_word' id='word_1_363' title='bbox 1285 4244 1382 4324; x_wconf 86' lang='lat' dir='ltr'>wille,</span> <span class='ocrx_word' id='word_1_364' title='bbox 1409 4244 1466 4305; x_wconf 82' lang='lat' dir='ltr'>daz</span> <span class='ocrx_word' id='word_1_365' title='bbox 1487 4245 1516 4305; x_wconf 91' lang='lat' dir='ltr'>ir</span> <span class='ocrx_word' id='word_1_366' title='bbox 1535 4242 1595 4305; x_wconf 90' lang='lat' dir='ltr'>alle</span> 
     </span>
     <span class='ocr_line' id='line_1_39' title="bbox 289 4340 1594 4427; baseline -0.003 -18"><span class='ocrx_word' id='word_1_367' title='bbox 289 4346 321 4409; x_wconf 92' lang='lat' dir='ltr'>di</span> <span class='ocrx_word' id='word_1_368' title='bbox 354 4344 499 4422; x_wconf 84' lang='lat' dir='ltr'>schalde,</span> <span class='ocrx_word' id='word_1_369' title='bbox 534 4343 584 4407; x_wconf 90' lang='lat' dir='ltr'>die</span> <span class='ocrx_word' id='word_1_370' title='bbox 612 4343 644 4407; x_wconf 90' lang='lat' dir='ltr'>di</span> <span class='ocrx_word' id='word_1_371' title='bbox 672 4341 761 4406; x_wconf 90' lang='lat' dir='ltr'>edeln</span> <span class='ocrx_word' id='word_1_372' title='bbox 791 4340 933 4403; x_wconf 87' lang='lat' dir='ltr'>Henriclr</span> <span class='ocrx_word' id='word_1_373' title='bbox 960 4341 1026 4404; x_wconf 86' lang='lat' dir='ltr'>und</span> <span class='ocrx_word' id='word_1_374' title='bbox 1050 4340 1215 4405; x_wconf 88' lang='lat' dir='ltr'>Hermann</span> <span class='ocrx_word' id='word_1_375' title='bbox 1243 4362 1374 4427; x_wconf 80' lang='lat' dir='ltr'>graven,</span> <span class='ocrx_word' id='word_1_376' title='bbox 1411 4345 1524 4408; x_wconf 89' lang='lat' dir='ltr'>herren</span> <span class='ocrx_word' id='word_1_377' title='bbox 1553 4342 1594 4405; x_wconf 80' lang='lat' dir='ltr'>nd</span> 
     </span>
     <span class='ocr_line' id='line_1_40' title="bbox 289 4439 1596 4526; baseline -0.002 -20"><span class='ocrx_word' id='word_1_378' title='bbox 289 4444 513 4525; x_wconf 87' lang='lat' dir='ltr'>Bichelingen,</span> <span class='ocrx_word' id='word_1_379' title='bbox 541 4441 686 4523; x_wconf 85' lang='lat' dir='ltr'>schuldig</span> <span class='ocrx_word' id='word_1_380' title='bbox 714 4456 819 4503; x_wconf 85' lang='lat' dir='ltr'>waren</span> <span class='ocrx_word' id='word_1_381' title='bbox 847 4440 914 4503; x_wconf 88' lang='lat' dir='ltr'>und</span> <span class='ocrx_word' id='word_1_382' title='bbox 943 4439 1050 4503; x_wconf 90' lang='lat' dir='ltr'>bliben</span> <span class='ocrx_word' id='word_1_383' title='bbox 1076 4442 1140 4504; x_wconf 91' lang='lat' dir='ltr'>sint</span> <span class='ocrx_word' id='word_1_384' title='bbox 1159 4441 1263 4505; x_wconf 87' lang='lat' dir='ltr'>Iutten</span> <span class='ocrx_word' id='word_1_385' title='bbox 1287 4441 1449 4526; x_wconf 84' lang='lat' dir='ltr'>Ooppfelin</span> <span class='ocrx_word' id='word_1_386' title='bbox 1475 4490 1502 4505; x_wconf 84' lang='lat'>..</span> <span class='ocrx_word' id='word_1_387' title='bbox 1527 4444 1596 4505; x_wconf 92' lang='lat' dir='ltr'>iren</span> 
     </span>
     <span class='ocr_line' id='line_1_41' title="bbox 289 4540 1596 4629; baseline 0.001 -23"><span class='ocrx_word' id='word_1_388' title='bbox 289 4542 384 4606; x_wconf 89' lang='lat' dir='ltr'>erben</span> <span class='ocrx_word' id='word_1_389' title='bbox 419 4541 485 4605; x_wconf 91' lang='lat' dir='ltr'>und</span> <span class='ocrx_word' id='word_1_390' title='bbox 515 4541 634 4604; x_wconf 90' lang='lat' dir='ltr'>andern</span> <span class='ocrx_word' id='word_1_391' title='bbox 662 4558 780 4603; x_wconf 88' lang='lat' dir='ltr'>unsern</span> <span class='ocrx_word' id='word_1_392' title='bbox 811 4541 924 4619; x_wconf 87' lang='lat' dir='ltr'>iudan,</span> <span class='ocrx_word' id='word_1_393' title='bbox 957 4540 989 4603; x_wconf 91' lang='lat' dir='ltr'>di</span> <span class='ocrx_word' id='word_1_394' title='bbox 1014 4541 1047 4605; x_wconf 92' lang='lat' dir='ltr'>bi</span> <span class='ocrx_word' id='word_1_395' title='bbox 1072 4544 1135 4606; x_wconf 87' lang='lat' dir='ltr'>neh</span> <span class='ocrx_word' id='word_1_396' title='bbox 1160 4545 1194 4606; x_wconf 92' lang='lat' dir='ltr'>in</span> <span class='ocrx_word' id='word_1_397' title='bbox 1223 4562 1355 4607; x_wconf 88' lang='lat' dir='ltr'>unserre</span> <span class='ocrx_word' id='word_1_398' title='bbox 1380 4551 1596 4629; x_wconf 80' lang='lat' dir='ltr'>vorgenanten</span> 
     </span>
    </p>
   </div>
   <div class='ocr_carea' id='block_1_7' title="bbox 0 0 1780 5209">
    <p class='ocr_par' dir='ltr' id='par_1_7' title="bbox 0 0 1780 5209">
     <span class='ocr_line' id='line_1_42' title="bbox 0 0 1780 5209; baseline 0 0"><span class='ocrx_word' id='word_1_399' title='bbox 0 0 1780 5209; x_wconf 95' lang='lat' dir='ltr'> </span> 
     </span>
    </p>
   </div>
  </div>
 </body>
</html>
