3525 5209
482 404 711 471 Urkundenbuch
729 412 778 469 der
796 412 880 469 sudo
896 414 1003 470 Erfurt
1038 414 1079 472 11
1092 411 1180 469 'lheil
1435 414 1487 471 est

228 560 469 643 haenau
496 563 552 627 der
577 562 718 629 letteren
743 564 800 629 mil
824 564 880 627 der
896 568 1076 644 potamau
1100 564 1171 673 Oro
1171 563 1289 647 jachan
1308 563 1410 629 dordr
1428 564 1490 695 deu

278 660 487 742 Laudyrofcn
507 660 697 729 Friedrich.
1138 717 1141 725 .

331 814 376 873 Or
396 814 629 883 mirsiprz
648 814 685 870 st.
705 814 739 869 A.
756 816 849 869 ιιιΜ.

326 894 551 952 Borma-nater
570 894 622 951 RJ.
638 896 723 964 VIII,
734 896 785 951 No.
796 900 855 951 535.

258 1042 409 1127 Karolus,
434 1045 494 1111 Dei
518 1050 626 1132 gracia
645 1047 862 1112 Romanorum
890 1066 947 1111 rex
973 1066 1099 1133 semper
1120 1052 1282 1130 augustus
1307 1047 1488 1115 etBoemie

176 1159 252 1221 rex,
280 1144 440 1212 universis
466 1148 546 1213 sacri
582 1147 706 1231 imperii
733 1144 880 1209 fidelibus
900 1147 1036 1228 gratiam
1064 1166 1154 1211 suam
1180 1150 1212 1209 et
1237 1145 1485 1211 omnebonum.

176 1238 350 1323 Noveritis,
370 1262 430 1307 nos
453 1245 533 1309 duas
555 1246 603 1308 litt
577 1252 673 1327 tteras
695 1244 901 1328 subscriptas
922 1246 966 1307 in⁴
980 1244 1091 1326 lingua
1111 1245 1201 1308 theut
1201 1246 1293 1308 onioa
1312 1249 1487 1327 conceptas,

177 1336 237 1400 suh
260 1292 362 1421 sigillo
385 1340 500 1405 nohihs
520 1320 662 1407 Heinrici
685 1340 809 1405 comitis
829 1338 868 1405 de
890 1341 1047 1405 Honstein
1069 1348 1101 1405 et
1120 1340 1362 1406 Sundershusen
1385 1346 1486 1406 trans·

177 1438 310 1518 scriptas
330 1444 426 1521 atque
447 1442 599 1524 copiates,
620 1460 685 1504 non
706 1439 894 1503 cancellatus
915 1458 973 1503 neo
993 1440 1027 1503 in
1048 1440 1157 1523 aliqua
1176 1442 1225 1505 sui
1248 1445 1339 1524 parte
1356 1441 1487 1546 viciatas

177 1526 348 1598 vidisset
317 1540 348 1599 et
367 1536 541 1618 audivisse,
561 1540 680 1603 tenoris
702 1538 756 1621 qui
773 1538 924 1621 sequitur
943 1538 977 1599 iu
1000 1538 1057 1600 hec
1077 1537 1187 1601 verba:

261 1632 329 1695 Wir
353 1632 522 1716 Heinrich,
550 1654 613 1700 von
647 1634 723 1700 Gots
753 1634 880 1719 gneden
906 1654 1004 1719 grave
1034 1654 1098 1698 von
1128 1632 1299 1714 Honstein,
1329 1637 1420 1700 horre
1445 1656 1487 1700 zu

176 1728 435 1810 Sundershusen,
460 1732 626 1799 belrennen
647 1734 834 1799 offenliohen
856 1752 898 1797 an
918 1734 1017 1797 disem
1039 1735 1291 1817 gcgenwertigen
1313 1734 1407 1814 brito,
1426 1734 1486 1798 daz

177 1828 235 1889 wir
262 1829 330 1893 dise
357 1831 643 1912 nachgeschrieben
669 1832 744 1911 bril,
770 1826 865 1896 einen
891 1831 948 1895 der
971 1831 1063 1895 edeln
1089 1837 1235 1896 etuanuo
1257 1852 1378 1916 graven
1406 1830 1486 1896 Her-

177 1926 282 2005 mans,
310 1926 423 1991 humen
449 1948 490 1993 zu
513 1930 658 2010 Gliohen,
689 1930 754 1993 und
781 1928 900 1993 iraweu
920 1928 1072 2012 Sophien,
1092 1931 1196 1994 seiner
1216 1930 1337 1994 elichen
1356 1929 1487 2010 maweu,

177 2024 234 2086 mit
272 2026 324 2087 irn
355 2044 458 2091 waren
494 2028 682 2111 hangenden
708 2026 859 2111 insigeln,
894 2028 960 2091 und
989 2027 1051 2091 den
1081 2027 1202 2092 andern
1230 2025 1286 2092 des
1316 2028 1485 2093 sohinberu

176 2121 309 2201 fhrsten,
331 2143 444 2189 unsers
464 2126 576 2190 herren
599 2126 766 2205 Hridrichs,
786 2125 971 2209 lantgraven
993 2144 1030 2188 ze
1048 2124 1222 2206 Dhriugen,
1241 2123 1430 2210 margraven
1449 2143 1486 2190 ee

177 2219 316 2302 Mihsne,
340 2222 405 2286 'mit
431 2225 532 2288 sinem
560 2243 648 2288 uam
677 2224 875 2309 haugendem
902 2223 1016 2305 insigel
1043 2224 1204 2307 versigelt,
1231 2242 1293 2288 one
1320 2224 1404 2288 allen
1433 2240 1488 2307 ge.

177 2320 392 2387 bresten·¹und
411 2324 519 2401 brvich,
538 2324 675 2409 gesehen
696 2322 763 2386 und
777 2322 905 2405 geleeen
920 2320 1032 2405 gehdrt
1046 2320 1149 2385 haben
1169 2322 1204 2384 in
1224 2321 1301 2385 aller
1315 2322 1372 2386 der
1384 2323 1486 2403 weiss,

173 2420 221 2500 als
250 2420 300 2485 die
321 2422 458 2486 hernach
482 2442 544 2486 von
565 2426 697 2485 vortlen
722 2438 758 2485 zo
778 2422 889 2483 wortte
907 2418 1069 2502 gencelich
1090 2420 1156 2483 siut
1180 2417 1374 2502 geschrrheu.
1416 2416 1487 2484 Wir'

175 2538 237 2583 von
250 2519 347 2583 (lodie
357 2521 481 2603 gnadun
492 2520 750 2604 grafeHormaun
768 2552 803 2563 -·
813 2552 844 2561 -·
859 2527 1017 2579 -—·-⁴·.
1043 2516 1271 2581 ‘WirFridrich
1284 2514 1485 2584 --·---‘-¹⁵.

178 2617 224 2681 Zu
247 2620 351 2682 einem
371 2620 593 2703 gezeugnisse,
620 2618 678 2681 daz
708 2618 766 2679 vvir
790 2614 1033 2699 vorgeschriben
1053 2615 1208 2682 Heinrich
1226 2630 1295 2680 ‘von
1317 2616 1485 2698 Honstein,

177 2716 268 2781 herre
289 2734 330 2779 zu
341 2716 596 2797 Suudershuseu,
616 2716 683 2780 dise
701 2712 1149 2797 obgoschribenhrifgesehen
1161 2713 1229 2777 und
1249 2713 1366 2797 gehort
1381 2710 1484 2779 haben

176 2812 247 2877 und
272 2814 324 2877 die
355 2814 418 2878 hau
449 2814 559 2879 lazzen
585 2812 828 2898 urgeschriben,
861 2810 963 2875 haben
994 2812 1053 2873 wir
1079 2812 1177 2875 unser
1196 2808 1312 2893 insigel
1331 2830 1373 2882 an
1394 2812 1485 2876 disen

176 2910 239 2975 brif
257 2912 431 2995 gehangen,
451 2913 532 2976 uach
544 2913 658 2977 Christi
671 2910 787 2995 geblrrt
807 2909 1075 2975 driczenhu'udert
1090 2909 1141 2972 iar
1161 2909 1229 2972 und
1248 2910 1281 2971 iu
1301 2908 1374 2973 dom
1395 2908 1485 2977 siben

176 3012 242 3075 und
264 3013 463 3095 vircaigstem
486 3014 534 3075 iar
553 3031 593 3075 an
616 3015 687 3074 sant
708 3006 842 3091 Otiligen
865 3012 919 3089 teg
938 3007 995 3070 der
1013 3007 1151 3090 heiligen
1165 3006 1397 3089 jurgiorum
1446 3029 1448 3034 ·

181 3144 184 3148 ·
255 3109 322 3173 Nos
343 3111 441 3193 igitur
460 3110 500 3174 ad
522 3106 765 3193 supplicationes
789 3104 919 3169 devotas
939 3110 972 3167 et
991 3122 1099 3187 preces
1119 3106 1273 3169 instantes
1292 3104 1485 3188 prudentum

176 3208 318 3271 virorum
342 3259 368 3272 ..
391 3209 615 3291 magistrorum
634 3203 812 3281 consulum,
833 3253 839 3261 .
858 3250 865 3263 .
886 3202 1057 3266 consulum
1077 3207 1109 3265 et
1126 3204 1343 3267 universitatis
1364 3205 1482 3268 civium

175 3304 418 3371 Edordensium
443 3305 655 3389 predictorum
684 3305 804 3369 litteras
830 3305 1060 3387 suprascriptas
1089 3319 1212 3364 necnon
1238 3302 1346 3364 omnia
1366 3307 1398 3366 et
1420 3303 1484 3366 ιὶιι·Ι

174 3400 250 3485 gula
270 3404 305 3465 in
325 3398 445 3467 eisdem
466 3404 578 3467 litteris
605 3407 768 3483 contenta,
792 3401 832 3465 ad
863 3418 927 3484 que
958 3396 1102 3465 nostrum
1124 3416 1317 3463 consensum
1338 3397 1483 3463 adhibui-

175 3520 248 3565 mus
278 3500 461 3565 benivolum
489 3505 521 3564 et
540 3499 740 3583 presentibus
764 3498 966 3579 adhibemus,
990 3497 1202 3583 approbamus
1228 3501 1261 3561 et
1288 3494 1485 3563 ratificamus

175 3600 205 3663 et
231 3598 270 3661 de
295 3598 492 3682 plenitudine
519 3599 681 3682 potestatis
706 3598 791 3682 regie
817 3597 975 3683 presentis
999 3597 1107 3681 scripti
1135 3596 1308 3679 patrocinio
1335 3614 1377 3659 ex
1398 3592 1486 3660 certa

175 3702 283 3763 nostra
314 3698 449 3760 sciencia
477 3696 718 3775 confirmemus,
744 3695 894 3775 volentes,
921 3713 958 3759 ea
983 3699 1167 3780 perpetuam
1192 3691 1334 3756 obtinere
1361 3691 1484 3757 roboris

174 3794 370 3873 firmitatem,
386 3795 598 3860 ‘universitati
619 3799 723 3858 vestre
742 3793 929 3858 mandantes
948 3799 980 3856 et
1000 3792 1151 3857 seriosius
1170 3790 1384 3873 iniungentes,
1398 3810 1483 3874 ¹qua-

174 3902 269 3957 tenus
290 3892 399 3957 nullus
419 3893 472 3973 sit,
493 3894 715 3974 cuiuscunque
733 3896 847 3970 status,
867 3891 1100 3975 preeminencie
1119 3889 1170 3954 vel
1189 3889 1379 3952 conditionis
1400 3891 1484 3953 exis·

173 3996 231 4071 tat,
259 3991 315 4074 qui
336 3990 490 4073 predictos
511 3991 611 4070 cives,
632 3990 844 4054 communiter
866 3995 923 4052 aut
943 3989 1084 4068 divisim,
1105 4006 1164 4052 seu
1183 3986 1344 4051 civitatem
1365 3985 1483 4052 hhiior·

174 4088 304 4153 densam
339 4092 510 4171 pretaetam
552 4106 647 4171 super
680 4090 715 4152 in
750 4088 918 4174 sepedictis
954 4087 1067 4151 litteris
1096 4086 1253 4150 contentis
1283 4085 1399 4150 audeat
1429 4088 1482 4151 rel

173 4190 335 4269 presumat
359 4184 543 4269 perturbare
574 4204 631 4250 seu
665 4186 873 4269 quovismodo
906 4185 1079 4249 molestare.
1133 4181 1222 4247 Nulli
1249 4201 1324 4266 ergo
1350 4184 1482 4249 omnino

173 4284 340 4348 hominum
365 4282 470 4363 liceat,
494 4283 575 4347 hanc
602 4286 701 4348 nostri
722 4302 912 4361 consensus,
939 4283 1187 4367 approbationis,
1214 4285 1431 4352 ratificationis
1449 4294 1485 4352 et

172 4383 423 4447 confirmationis
443 4382 577 4446 litteram
604 4382 777 4466 infringere
797 4383 855 4447 vel·
867 4384 898 4446 ci
917 4401 1001 4445 ausu
1021 4387 1186 4448 temerario
1209 4384 1387 4467 aliqualiter
1406 4404 1482 4449 con-

173 4482 277 4545 traire.
307 4479 341 4544 Si
358 4481 431 4564 quis
441 4484 546 4543 autem
559 4498 651 4544 secus
662 4484 845 4561 attemptare
855 4483 1090 4563 presumpserit,
1110 4502 1237 4567 gravem
1250 4488 1358 4547 nostru
1367 4484 1481 4549 maies-

175 4582 248 4647 tatis
266 4578 417 4646 offeueam
438 4596 472 4646 se
484 4578 611 4647 noverit
625 4574 841 4647 incursurum
869 4576 1016 4647 Incuius
1031 4580 1077 4646 rei
1092 4582 1308 4649 testimouium
1319 4588 1482 4667 presentes
