3525 5209
302 388 335 441 a
666 387 941 459 aestuansquenen
959 387 1009 441 aar
1026 388 1106 442 rme.
1125 388 1255 442 sunan.
1293 360 1308 397 ’·

300 538 421 602 Gesohe
442 540 523 602 ourh
545 560 584 601 an
607 540 661 602 der
683 544 789 601 vasten
812 539 896 616 aoht,
917 538 974 600 daz
998 558 1036 601 sn
1062 538 1188 601 vorloru
1217 538 1320 602 werde
1346 538 1421 601 oder
1441 537 1607 620 megingo,

301 636 447 701 welleehs
469 639 525 699 wis
545 638 602 699 dan
623 637 745 718 gesche,
767 636 822 699 des
834 634 896 697 Got
913 635 999 697 niolrt
1020 654 1059 697 en
1078 634 1177 709 nolle,
1197 635 1340 698 donnaoh
1356 655 1391 697 so
1407 634 1509 697 sullen
1526 655 1606 698 unse

302 741 515 814 vorgenanten
546 733 641 815 borgo
667 733 787 815 inleger
816 732 909 795 haldo
937 732 1003 795 also
1033 733 1268 815 rorgesehrihin
1300 739 1375 810 stet,
1405 732 1456 794 bia
1490 732 1547 794 daz
1575 732 1607 795 di

301 839 514 915 vorgenanton
537 832 753 895 vuntlrundert
769 850 854 893 maro
867 830 989 913 geleyst
1003 830 1186 913 genzlichen
1205 831 1269 893 und
1285 829 1453 911 vorgolden
1473 830 1606 892 werden.

300 932 402 1013 Cinge
423 932 502 993 ouon
526 931 580 994 der
603 930 719 1013 horgen
741 928 852 1008 iohoyn
875 928 948 1002 ahe,
980 946 1014 988 so
1035 927 1080 989 sal
1101 946 1176 989 maa
1196 946 1259 1007 eyn
1280 926 1401 989 andern
1421 926 1488 988 also
1508 933 1605 1009 gitteo

300 1048 338 1090 an
358 1028 413 1091 dos
431 1036 491 1091 stat
514 1048 624 1093 sennen
646 1028 743 1091 hinne
765 1046 856 1106 oyme
878 1024 1008 1103 mande3
1031 1025 1145 1107 gesohe
1163 1025 1219 1087 des
1232 1024 1328 1103 nieht,
1348 1044 1383 1087 so
1399 1023 1503 1087 sullen
1525 1044 1605 1087 unse

300 1124 417 1206 bergen
440 1126 560 1208 inleger
577 1125 668 1188 haldo
689 1124 754 1188 also
777 1124 881 1205 lange,
901 1142 970 1185 wan
994 1123 1052 1184 daz
1073 1122 1129 1185 der
1148 1128 1292 1203 gosamm
1311 1129 1396 1185 wert
1446 1122 1493 1185 Zu
1513 1142 1607 1202 syme

299 1226 443 1289 orlmnde
474 1225 540 1287 und
569 1242 666 1304 eyner
699 1230 917 1302 vestennunge
946 1220 1031 1282 diser
1063 1220 1158 1301 (linge
1188 1220 1267 1301 gabe
1296 1221 1373 1282 wier
1403 1220 1499 1282 desen
1528 1220 1611 1283 huet

300 1323 443 1406 besegeld
468 1324 525 1385 mit
544 1340 641 1384 unser
663 1320 781 1401 heyder
802 1318 952 1400 insegeln.
991 1317 1057 1380 Dan
1080 1317 1107 1380 is
1129 1317 1263 1399 gesehen
1286 1317 1366 1380 naoh
1388 1317 1478 1379 Gotis
1497 1316 1608 1399 gebort

300 1423 401 1485 tusint
430 1423 478 1483 iar
503 1419 691 1483 drihundert
716 1420 764 1481 iar
791 1418 822 1479 in
856 1416 947 1479 deme
978 1416 1176 1497 driaaigisten
1203 1416 1269 1477 iare
1294 1432 1336 1476 an
1367 1414 1458 1476 deme
1484 1412 1605 1477 abendo

299 1525 387 1583 senio
409 1519 522 1581 Petrus
544 1517 609 1581 und
634 1521 722 1581 sente
743 1515 852 1579 Paulis
873 1514 929 1577 der
949 1514 1095 1595 heyligeu
1117 1512 1313 1575 awelihoten.

301 1743 414 1826 1330.
442 1744 606 1841 august
632 1744 692 1825 13.
1539 1736 1603 1817 32.

400 1878 582 1955 Friedrich,
619 1878 711 1960 Graf
740 1899 798 1941 oon
829 1877 1049 1956 Beudslinpen,
1088 1874 1175 1938 Herr
1205 1894 1246 1937 aa
1274 1872 1489 1954 Rothnahurp,
1526 1871 1607 1935 statu

399 1975 581 2139 mazza
596 1998 655 2043 vora
682 1976 801 2056 Erfurt
831 1976 900 2039 aine
929 1972 1282 2051 Solraldversehreihunp
1313 1972 1387 2035 tter
1420 1976 1487 2035 100
1506 1970 1607 2033 Maris

451 2192 495 2245 Or.
514 2192 563 2247 aaa
581 2192 661 2248 hmch.
675 2191 702 2246 S.
720 2193 759 2245 im
779 2190 838 2261 aar.
851 2190 890 2249 St.
901 2192 935 2245 A.
954 2207 990 2245 aa
1007 2190 1047 2243 Μ.

380 2296 444 2360 Nos
460 2296 646 2375 Friderious,
662 2294 722 2360 Dei
742 2298 848 2379 gracia
868 2316 976 2360 eomes
997 2296 1036 2359 de
1054 2294 1281 2376 Byohelingen‚
1293 2292 1444 2355 dominus
1455 2290 1606 2355 inRotin-

299 2394 388 2477 burg,
411 2396 786 2477 reoogniosoimustenore
804 2396 1003 2477 presencium
1026 2393 1151 2476 publiea
1172 2391 1381 2475 protestando,
1402 2390 1487 2471 quod
1509 2391 1608 2453 hono-

299 2490 452 2554 rabilibus
485 2493 560 2555 viris
580 2540 605 2552 ..
639 2492 796 2575 magistris
832 2492 1017 2568 consulum,
1040 2539 1066 2552 ..
1102 2486 1289 2552 oonsulibus
1330 2506 1367 2549 ae
1409 2489 1608 2551 universitati

299 2590 416 2652 elidum
444 2588 683 2651 Erfurdensium
709 2591 742 2652 in
771 2597 899 2652 eentum
927 2590 1042 2651 mareis
1072 2589 1144 2671 puri
1179 2588 1300 2668 argenti
1329 2585 1477 2667 ponderis
1500 2584 1608 2647 Ertor-

299 2687 405 2750 densis
427 2706 466 2749 ex
494 2706 590 2751 carisa
612 2689 715 2750 nmtui
742 2686 833 2749 nohis
861 2686 990 2764 traditis
1020 2684 1195 2748 numeratis
1215 2690 1247 2746 et
1266 2684 1387 2766 pagetis
1409 2690 1555 2746 tenemur
1577 2689 1607 2746 et

300 2785 469 2848 existimus
490 2785 631 2867 obligati,
658 2806 739 2867 qrras
757 2787 834 2868 ipsis
855 2792 930 2848 ante
949 2786 1066 2847 festum
1091 2782 1266 2844 nativitatis
1285 2781 1401 2843 Christi
1423 2781 1605 2863 proximum

299 2882 420 2946 solvere
441 2882 501 2945 fide
522 2883 594 2945 data
615 2884 818 2965 promisimus
839 2889 869 2944 et
885 2883 1098 2965 promittimus
1115 2879 1317 2962 presentibus
1328 2879 1523 2960 integraliter
1537 2880 1607 2942 sine

299 2978 370 3041 dolo
392 2979 544 3062 quolibet,
572 2981 631 3043 isto
654 2981 746 3043 modo
768 2981 927 3057 videlicet,
954 2982 1038 3063 quod
1069 2982 1267 3045 medietatem
1295 2982 1420 3039 monete
1441 2983 1547 3039 nostre
1572 2978 1604 3039 in

299 3076 534 3140 Fraukiahusin
557 3078 633 3160 ipsis
656 3097 710 3160 pro
727 3078 835 3140 eadem
850 3080 984 3163 pecnnia
1000 3078 1179 3161 obligamus
1194 3077 1306 3154 taliter,
1327 3074 1413 3157 quod
1424 3122 1431 3135 .
1443 3122 1449 3135 .
1462 3074 1607 3137 eolleotor

299 3174 509 3253 emolimenti,
538 3176 622 3258 quod
650 3175 688 3238 de
709 3176 777 3257 ipsa
799 3181 925 3239 moneta
947 3175 1029 3238 cedit
1048 3176 1152 3249 nobis,
1179 3176 1247 3236 viro
1274 3179 1404 3236 strenuo
1424 3170 1606 3235 Eukehardo

299 3272 382 3337 dioto
405 3272 513 3353 Ryohe
536 3274 627 3335 militi
655 3273 715 3337 sub
743 3272 846 3336 debito
873 3275 925 3337 sni
950 3276 1135 3353 iuramenti,
1162 3272 1246 3355 qarod
1272 3270 1311 3333 ad
1340 3271 1399 3332 hoe
1426 3269 1607 3332 faciendum

300 3369 449 3449 prestabit
460 3378 490 3433 et
502 3372 644 3455 prestitit
655 3371 685 3433 id
701 3373 803 3454 ipsum
817 3372 1055 3435 emolimentum
1071 3372 1153 3434 infra
1168 3371 1242 3433 hinc
1252 3376 1284 3432 et
1298 3368 1416 3431 festum
1433 3368 1606 3430 nativitatis

299 3467 414 3529 Christi
436 3468 611 3549 predictum
629 3467 713 3530 idem
735 3468 880 3531 collector
902 3478 1039 3551 prestare
1060 3490 1096 3533 ao
1113 3474 1294 3552 presentare
1309 3464 1402 3528 dehet
1417 3484 1454 3527 ae
1465 3470 1608 3543 tanetum

299 3564 447 3647 idemque
476 3567 565 3627 miles
593 3565 796 3629 Eolrehardus
819 3567 947 3649 prefatis
979 3569 1136 3647 magistris
1161 3564 1346 3642 consulum,
1371 3612 1396 3624 ..
1420 3562 1607 3626 oonsulibus

299 3684 335 3725 ao
352 3665 550 3727 universitati
568 3662 749 3726 Edordensi
774 3663 917 3743 alteriue,
938 3673 1104 3748 postquam
1126 3663 1330 3746 congregavit
1349 3662 1428 3723 eitra
1446 3680 1605 3723 summam

301 3762 411 3841 viginti
434 3769 489 3827 aut
516 3762 623 3843 viginti
648 3762 791 3844 qirinque
812 3782 999 3841 marearum,
1027 3770 1205 3845 presentare
1232 3780 1269 3822 ae
1294 3759 1417 3821 tradere
1437 3778 1494 3821 seu
1515 3778 1604 3839 pera-

298 3878 372 3941 gare
392 3862 422 3921 in
451 3860 591 3922 ldrlordia
613 3860 755 3943 promisit
776 3867 870 3940 atque
892 3861 985 3923 debet
1004 3860 1119 3923 nostris
1146 3858 1316 3931 laboribus,
1335 3857 1474 3939 periculo
1496 3862 1527 3919 et
1548 3876 1599 3919 ex·

301 3959 423 4040 pensis,
450 3967 480 4021 et
509 3960 660 4040 quioquid
691 3960 931 4038 presentaverit‚
959 3958 1016 4020 hoo
1045 3957 1207 4020 debebunt
1234 3957 1272 4017 de
1305 3955 1469 4037 principali
1501 3954 1604 4017 debito

300 4054 461 4119 delaloare.
504 4056 536 4118 Si
557 4063 660 4118 autem
680 4076 734 4139 per
751 4056 932 4119 huiusmodi
954 4063 1130 4139 presentata
1149 4072 1276 4117 summa
1284 4060 1411 4115 centum
1427 4070 1606 4114 marearum

299 4153 508 4235 predictarum
536 4160 608 4217 ante
637 4154 755 4216 dietum
785 4154 957 4215 nativitatis
979 4152 1094 4215 Christi
1123 4152 1238 4214 festum
1266 4151 1433 4213 extenuari
1460 4150 1606 4231 nequiret

299 4251 442 4329 totaliter,
464 4260 637 4329 extraneo
658 4252 771 4334 elapso,
793 4251 891 4313 nostri
910 4270 1139 4332 herisponsores
1160 4249 1330 4324 subnotati,
1352 4267 1432 4330 quos
1454 4249 1530 4330 ipsis
1550 4268 1606 4331 pro

299 4348 526 4431 diotapeounia
547 4350 716 4412 insolidum
736 4351 915 4423 statuimus,
937 4348 1079 4410 videlieet
1102 4344 1421 4425 llokehardusllyohe
1440 4346 1607 4427 prodictus,

299 4445 467 4510 Ernlridus
489 4449 527 4510 de
548 4447 759 4528 Cygenherge.
780 4446 936 4525 Syffridus
957 4445 996 4509 de
1013 4446 1216 4509 Bendeleihin
1237 4452 1269 4507 et
1289 4444 1414 4506 Ulrious
1432 4443 1470 4506 de
1489 4442 1606 4524 Lybia-

299 4544 374 4607 rode
396 4546 518 4625 milites,
538 4544 615 4626 Tylo
637 4545 675 4608 de
694 4544 787 4624 Tabe,
808 4542 976 4607 Cunradns
998 4545 1036 4608 de
1058 4545 1223 4623 Slatheim‚
1244 4544 1434 4628 Hartungus
1460 4544 1512 4608 hie
1533 4544 1604 4607 dem
