3525 5209
287 386 321 441 {ld
646 380 920 454 Geschiohtsquellen
938 382 988 437 der
1005 380 1085 437 Prov.
1104 380 1235 437 Sscbsen.

288 536 415 601 Bertold
438 535 587 599 Vicztum
621 554 685 599 von
712 532 873 613 Eokestet,
905 532 1065 596 Friderich
1090 552 1152 595 von
1170 530 1394 614 Wangcheim,
1428 529 1500 594 otro
1527 549 1590 593 von

288 634 407 713 Vanre,
431 633 586 697 Eberhart
608 652 670 698 von
690 630 900 713 hielsleyben,
923 628 1095 712 Dytherich
1116 650 1178 693 von
1200 628 1415 712 Sybeleyben,
1435 628 1508 693 Ottc
1528 649 1592 692 von

289 720 464 812 Kotewicz,
484 728 699 794 Kuenemund
722 748 785 792 von
808 728 1022 793 Stuternbeim
1046 746 1162 791 uasere
1191 729 1280 790 ritter
1305 727 1371 789 und
1392 745 1491 790 unser
1509 746 1594 802 man,

288 828 369 910 Tyle
391 848 469 893 vorn
492 827 705 911 Margareten,
724 826 866 891 Herman
890 846 952 888 von
966 825 1160 905 Oranchvelt,
1179 825 1296 907 burgen
1315 843 1374 887 zcu
1397 823 1595 902 hiulhueeen,

287 928 355 991 und
381 927 479 991 ander
504 926 624 989 frumen
645 924 729 988 lente
748 925 868 1007 gnunlr.
912 922 1004 987 Dirre
1025 922 1086 986 bril
1107 925 1149 987 iet
1168 923 1308 1006 gegeben
1329 942 1389 985 zoa
1410 921 1491 985 Gota
1511 922 1593 985 nach

168 1040 171 1047 '
288 1024 382 1089 (lotos
412 1022 545 1105 geburte
574 1022 709 1087 teusend
741 1024 788 1084 iar
819 1022 1035 1085 dreuhundert
1066 1024 1113 1083 iar
1139 1022 1173 1083 in
1203 1021 1294 1083 deme
1321 1020 1592 1101 sybonunczwen·

287 1124 424 1204 cigesten
446 1123 520 1201 iare,
541 1141 591 1185 am
614 1120 764 1183 nebesten
782 1124 852 1201 tage
869 1119 950 1182 nach
970 1120 1040 1183 dero
1063 1118 1225 1182 zcwelften
1246 1124 1325 1201 tege.

289 1341 395 1427 1327.
421 1342 592 1423 ianuar
617 1340 683 1423 29.
1525 1338 1591 1421 54.

390 1498 565 1563 Guordlau
594 1498 663 1561 und
689 1497 837 1561 Konoont
861 1498 917 1561 der
947 1496 1192 1561 Minderbrtider
1217 1516 1260 1561 au
1286 1498 1405 1579 Erfrrrd
1431 1501 1594 1576 oehooca

387 1596 453 1660 sich
481 1596 537 1659 ruit
563 1596 630 1660 dem
652 1594 733 1659 Rau
758 1596 827 1659 uod
854 1596 911 1659 dar
931 1594 1162 1677 Bairoerschoft
1189 1594 1323 1659 dosolbsl
1341 1614 1444 1675 weyers
1463 1596 1520 1658 der
1535 1614 1596 1657 voa

389 1693 477 1757 dorca
498 1692 651 1757 Heiusoru
670 1713 711 1758 aa
733 1693 903 1757 iesimon
926 1692 1092 1757 Gesclrossa
1111 1693 1181 1755 rand
1202 1692 1329 1757 Lasion

441 1810 485 1865 or.
503 1810 553 1865 nro
569 1812 588 1865 2
607 1810 635 1864 s,
653 1811 691 1863 rm
710 1810 772 1879 rtur.
785 1810 868 1867 sun
886 1827 923 1865 au
940 1809 981 1865 rr.

439 1876 536 1947 suso,
555 1879 742 1951 acumina
759 1881 823 1935 aba
841 1880 983 1951 mar
1000 1896 1028 1934 a.
1041 1878 1208 1946 cretarum,
1228 1880 1308 1934 ssa.

369 2004 433 2069 Nos
448 2004 710 2071 fraterRudollus
721 2006 894 2089 gordianus
904 2013 1054 2090 totusque
1066 2057 1072 2069 .
1084 2054 1091 2068 .
1102 2013 1279 2071 conventus
1288 2006 1422 2069 fratrum
1434 2003 1594 2068 hlinorum

287 2104 319 2165 in
341 2102 485 2167 Erlordia
505 2106 760 2187 recognoscimus
781 2110 890 2169 tenore
908 2105 1108 2188 presencium
1128 2104 1253 2188 publice
1273 2103 1488 2186 protestando,
1508 2102 1594 2185 quod

288 2201 347 2263 viri
382 2200 581 2266 honorabiles
611 2200 800 2285 Hartungns
830 2202 870 2265 de
900 2201 1106 2279 Smodestete,
1138 2202 1322 2265 Gontherus
1350 2201 1390 2265 de
1418 2200 1595 2278 Sohubiloa,

289 2298 473 2362 (lantherus
498 2299 602 2362 dietus
622 2298 797 2377 Rabenold,
824 2298 1003 2363 Fridericus
1025 2300 1224 2363 Vicedomini
1249 2298 1393 2380 magistri
1417 2296 1596 2375 consulum,

289 2393 457 2459 Cunradus
481 2397 519 2461 de
539 2396 797 2477 Frankenhusen,
817 2396 989 2466 Heinricus
1009 2398 1048 2461 de
1060 2396 1211 2475 Talheim,
1231 2396 1356 2459 Eirieus
1377 2401 1472 2458 natus
1493 2414 1594 2477 quon·

289 2493 361 2557 darn
382 2492 419 2556 Β.
441 2493 515 2557 dicti
537 2493 642 2575 Elrioi,
663 2492 878 2558 Theodericus
900 2495 939 2558 de
961 2494 1131 2574 Botilotete,
1152 2494 1337 2557 (lantherus
1360 2492 1400 2555 de
1421 2492 1524 2556 Smire
1546 2493 1595 2555 in·

290 2590 392 2671 stilor,
418 2590 583 2655 hbowinus
609 2592 713 2656 dictus
733 2592 902 2671 Trenlrere,
928 2591 1099 2656 Heinrieus
1125 2592 1165 2655 de
1182 2591 1339 2669 Sanstete,
1366 2590 1537 2653 Heinricns
1556 2589 1596 2653 de

289 2686 525 2771 Kirspeleybin,
546 2688 728 2755 Waltherus
758 2690 796 2753 de
819 2690 1024 2773 Uthinsberg,
1052 2689 1258 2753 Hermannus
1286 2688 1389 2751 dictus
1412 2686 1494 2767 Pial,
1522 2686 1596 2751 Ber-

289 2784 394 2849 toldus
416 2786 455 2851 de
475 2784 641 2867 Totilstete,
663 2786 872 2851 Theodericus
895 2788 934 2851 de
954 2786 1154 2871 hleyenberg,
1175 2783 1348 2849 Heinricus
1370 2785 1409 2849 do
1432 2784 1596 2849 lluobelde

289 2883 373 2966 aprrd
395 2888 539 2949 metum
563 2884 750 2969 Georgium,
775 2884 947 2949 Heinricus
968 2885 1006 2948 do
1027 2884 1272 2961 Waltirshusin,
1298 2881 1376 2964 Tylo
1397 2883 1436 2946 de
1456 2880 1596 2963 Tozdord,

291 2980 413 3065 Appelo
435 2981 474 3046 de
494 2980 722 3057 Rudolvestad,
743 2981 929 3046 Guntherus
951 2982 989 3045 de
1008 2982 1165 3061 Arnstete,
1184 2978 1288 3044 Tizelo
1310 2980 1349 3043 de
1368 2978 1502 3056 lcbede,
1520 2980 1595 3044 Ber·

289 3078 394 3141 toldus
426 3079 465 3142 de
491 3078 622 3145 Kollede
654 3085 685 3143 et
710 3078 897 3163 liudegerus
926 3080 964 3143 de
993 3078 1229 3143 Herversleibin
1258 3078 1405 3142 consules
1440 3098 1498 3141 nec
1530 3098 1596 3141 non

289 3174 440 3239 hibertus
461 3175 657 3255 deRenrede,
679 3175 838 3259 Nycolous
856 3178 894 3239 de
906 3176 1080 3257 Wizzense,
1101 3176 1305 3240 Eclrehardus
1326 3176 1365 3239 de
1378 3174 1596 3257 Byoholingcn

290 3280 321 3335 et
347 3272 519 3339 Heinricus
548 3274 587 3337 de
614 3272 793 3357 Martpeche
824 3280 960 3337 rectores
988 3275 1205 3337 universitatis
1233 3274 1369 3336 civitatis
1400 3272 1597 3337 llrfordensis

290 3371 457 3435 accedente
483 3371 520 3434 ad
548 3372 606 3433 hoo
626 3390 785 3457 consensu
807 3373 950 3435 unanimi
974 3374 1117 3454 quinque
1137 3372 1307 3435 consulum
1329 3377 1361 3434 et
1382 3371 1598 3434 universitatis

290 3468 426 3531 civitatis
446 3468 592 3551 predicte,
612 3476 802 3549 annuerunt,
823 3478 1048 3533 concesserunt
1068 3474 1100 3532 et
1116 3469 1320 3531 indulserunt
1341 3468 1381 3531 de
1400 3469 1505 3551 gracia
1527 3488 1598 3552 spe·

290 3564 372 3645 ciali,
394 3565 478 3648 qnod
500 3569 744 3649 ..procuratrix
766 3575 880 3649 nostra,
903 3586 1094 3650 quecunque
1113 3586 1170 3649 pro
1191 3573 1331 3650 tempore
1350 3566 1454 3645 fuerit,
1475 3568 1596 3629 curiam

291 3663 391 3742 illarn,
411 3683 473 3746 que
494 3665 699 3729 continuatur
720 3672 786 3729 orto
806 3674 929 3745 nostro,
949 3667 984 3728 in
1006 3686 1070 3748 qua
1091 3665 1219 3727 domina
1239 3664 1375 3727 Berohta
1395 3664 1434 3729 de
1454 3662 1598 3747 Mdlberg

290 3770 441 3841 moratur,
462 3761 615 3826 inhabitet
637 3770 799 3847 perpetuo,
823 3765 973 3847 quodque
994 3764 1102 3827 sedern
1124 3762 1402 3841 curiosioribus,
1426 3764 1598 3825 exactioni-

291 3858 367 3939 bus,
385 3861 629 3943 prestationibns
651 3868 682 3924 et
702 3863 908 3925 servitutibus
930 3861 1124 3944 quibuslibet
1144 3862 1281 3923 civitatis
1308 3860 1506 3923 Ericrdonsis
1527 3879 1597 3923 esse

292 3956 404 4021 debeat
432 3956 582 4021 liberast
603 3968 764 4042 exempta,
792 3960 937 4023 similiter
957 3959 1163 4043 procuratrix,
1184 3976 1247 4040 que
1269 3959 1379 4041 viginti
1401 3977 1523 4021 marcas
1544 3966 1599 4020 aut

293 4054 431 4118 valorem
453 4056 625 4119 earundem
648 4056 788 4134 haberet,
817 4058 874 4121 hec
896 4078 914 4119 a
933 4056 1058 4120 iuribus
1079 4064 1110 4118 ct
1130 4054 1337 4118 servitutibus
1357 4056 1506 4139 predictis
1529 4074 1598 4119 esee

291 4151 383 4215 debet
403 4152 555 4227 absoluta,
576 4161 607 4218 et
628 4155 779 4238 quioquid
804 4155 887 4218 ultra
906 4156 965 4218 lroo
986 4154 1123 4232 haberet,
1145 4154 1184 4216 de
1204 4172 1241 4215 eo
1261 4153 1356 4215 velud
1375 4151 1454 4217 alter
1470 4152 1597 4216 deberet

292 4249 428 4327 reddere,
448 4251 578 4314 sufferre
599 4259 629 4315 et
650 4252 771 4315 scivere
792 4255 862 4316 iura
882 4273 919 4316 ac
938 4272 1034 4315 onera
1054 4253 1202 4331 civitatis,
1222 4258 1253 4314 et
1273 4254 1300 4314 si
1317 4270 1379 4334 que
1395 4251 1455 4315 alie
1466 4270 1598 4335 persone

292 4348 423 4411 eandem
451 4352 556 4412 lorsarr
586 4348 797 4413 inhabitarent
826 4352 962 4427 orniam,
989 4351 1047 4412 her*-
1069 4352 1138 4412 iura
1159 4350 1295 4411 civitatis
1315 4348 1453 4431 predicta
1474 4349 1597 4413 solvere

292 4446 501 4526 tenebuntur,
526 4449 569 4511 ita
590 4454 714 4526 tamen,
746 4448 831 4529 quod
862 4468 920 4511 neo
947 4468 1019 4527 nos,
1045 4468 1104 4511 neo
1126 4450 1223 4510 nostri
1244 4466 1442 4510 successores
1462 4448 1595 4510 eandm

292 4545 413 4609 curiam
447 4548 513 4608 sive
544 4565 648 4609 arcani
680 4564 735 4629 pro
766 4546 974 4630 ampliacione
1006 4550 1105 4628 curie,
1135 4548 1218 4609 orti·
1244 4546 1312 4607 sive
1338 4544 1469 4609 claustri
1497 4548 1595 4609 nostri
