3525 5209
471 381 702 439 Urlrnndenbuch
720 382 769 439 der
787 383 870 439 stadt
888 382 995 439 Erfurt.
1030 382 1069 439 11.
1082 381 1168 438 Theil.
1434 380 1467 437 57

159 534 283 599 Tharne
319 533 477 613 bodelluS,
515 534 684 599 Lutholfus
711 555 767 618 pro
799 536 931 599 sculteto
962 541 994 599 et
1029 534 1185 599 Rudolfns
1224 554 1281 619 pro
1316 532 1468 597 advocato

164 632 367 709 Erlordensi,
398 653 472 696 cum
504 653 567 695 non
597 635 674 709 sint,
705 652 739 697 se
767 638 912 716 gerentes
943 639 974 697 et
1003 633 1131 716 quidam
1165 633 1218 695 alii
1252 632 1292 696 de
1318 630 1471 707 Erfordia,

164 750 306 813 quorum
329 730 433 793 adhuc
452 731 582 793 nomina
603 732 803 811 ignoramus,
830 733 886 814 qui
907 732 940 794 in
959 728 1176 814 spiritualibus
1196 736 1227 793 et
1247 728 1472 813 temporalibus

164 828 307 893 subsunt
322 828 453 891 ecclesie
468 828 712 909 Magantinensi,
733 848 767 893 se
788 830 936 913 predictis
958 831 1083 909 nostris,
1102 830 1200 897 immo
1222 828 1329 892 verius
1350 832 1472 910 aposto·

163 928 237 991 licis
256 924 490 989 municionibus
511 932 542 989 et
561 926 725 1004 mandatis,
746 926 951 991 reddiderunt
968 926 1134 990 manifeste
1150 924 1283 989 rebelles
1303 930 1335 989 et
1353 925 1471 989 eisdem

163 1044 275 1109 parere
302 1024 529 1087 contumaciter
555 1044 618 1087 non
644 1030 812 1102 curarunt,
842 1026 941 1088 immo
966 1026 1071 1108 ipsum
1098 1024 1266 1087 dominum
1283 1022 1472 1087 Heinricum

164 1124 436 1205 archiepiscopum
466 1120 742 1199 Maquntinensem
773 1124 807 1185 in
839 1122 906 1186 suis
934 1122 1062 1185 iuribus
1088 1120 1267 1204 impediunt
1296 1140 1334 1184 ac
1367 1122 1472 1204 ipsum

166 1219 417 1305 impedientibus
438 1219 563 1304 publice
584 1221 660 1285 dant
682 1226 713 1285 et
734 1226 874 1305 prestant
895 1222 1067 1300 auxilium,
1087 1218 1256 1283 consilium
1277 1226 1309 1283 et
1326 1219 1474 1296 favorem,

164 1320 204 1383 de
235 1338 300 1402 quc
329 1338 443 1382 sumus
474 1318 600 1403 plenius
630 1320 797 1383 informati.
849 1319 914 1384 Nos
948 1324 1158 1383 memoratum
1190 1316 1412 1381 Hermannum
1444 1324 1476 1379 et

164 1418 245 1481 alios
266 1417 453 1481 nominatim
476 1436 642 1501 expressos
663 1417 795 1481 rebelles
816 1418 970 1501 predictos
991 1416 1330 1481 excommunicationis
1349 1421 1475 1479 senten·

165 1518 242 1579 tiam
254 1515 420 1599 apredicto
436 1516 564 1578 domino
579 1522 687 1579 nostro
700 1537 780 1600 papa
798 1523 908 1579 contra
923 1516 997 1579 talia
1007 1516 1157 1579 facientes
1167 1516 1200 1577 in
1213 1516 1281 1577 suis
1296 1513 1474 1597 apostolicis

165 1615 291 1693 litteris,
326 1633 461 1695 quaram
499 1615 683 1677 auctoritate
720 1614 935 1697 procedimus,
974 1613 1124 1697 prolatam
1156 1612 1294 1675 dicimus
1325 1610 1474 1673 incidisse

165 1720 196 1775 et
225 1711 425 1795 presentibus
456 1712 655 1775 nunciamus.
709 1711 807 1775 Vobis
834 1702 864 1774 et
895 1711 1024 1773 cuilibet
1052 1714 1193 1773 restrum
1221 1709 1281 1773 sub
1311 1727 1392 1791 pena
1418 1727 1474 1771 ex·

165 1810 473 1881 communicationis,
495 1828 592 1891 quam
604 1810 636 1871 in
655 1828 710 1871 ros
726 1815 757 1873 et
776 1809 949 1889 quemlibet
966 1816 1116 1886 vestrum,
1130 1809 1282 1871 canonica
1294 1808 1474 1870 naonicione

164 1908 336 1990 premissa,
368 1906 499 1969 ferimus
520 1907 553 1969 in
580 1906 640 1969 hiis
662 1908 801 1989 scriptis,
823 1908 849 1969 si
872 1925 923 1984 ea,
945 1926 1007 1987 que
1029 1905 1119 1970 vobis
1139 1908 1172 1969 in
1195 1906 1252 1969 hac
1280 1912 1369 1988 parte
1388 1924 1473 1968 com·

165 2004 333 2079 mittimus,
341 2004 541 2088 neglexeritis
555 2023 611 2067 seu
625 2005 874 2086 contempseritis
892 2006 1119 2067 contumaciter
1134 2002 1314 2086 adimplere,
1334 2003 1473 2067 districte

164 2101 368 2185 precipiendo
390 2102 590 2175 mandamus,
614 2105 770 2183 quatenus
793 2122 849 2165 vos
866 2100 1006 2178 abbates,
1027 2102 1174 2185 prepositi
1197 2108 1228 2165 et
1244 2100 1352 2164 decani
1370 2099 1473 2164 tribus

165 2198 281 2263 diebus
312 2199 480 2262 dominicis
510 2204 542 2263 et
573 2200 706 2273 festivis,
746 2218 802 2263 vos
833 2218 908 2262 rere
929 2199 1196 2283 archipresbiteri,
1222 2198 1363 2282 plebani,
1389 2200 1473 2262 viee·

166 2295 293 2381 plebani
318 2302 348 2359 et
369 2296 502 2360 aliarum
531 2296 733 2361 ecclesiarum
764 2304 796 2359 et
818 2296 1010 2379 capellarum
1035 2302 1170 2361 rectores
1199 2296 1334 2378 singulis
1360 2295 1473 2359 diebus

165 2394 336 2458 dominicis
374 2400 405 2457 et
442 2394 561 2458 festivis
599 2401 669 2478 post
699 2393 943 2477 publicationem
981 2395 1181 2477 presencium
1221 2393 1311 2457 vobis
1356 2393 1469 2458 factam

165 2491 338 2556 inmediate
360 2489 567 2575 sequentibus
588 2494 622 2554 in
650 2494 762 2555 vestris
785 2493 997 2565 monasteriis,
1024 2492 1196 2576 parrochiis
1221 2498 1253 2555 et
1274 2492 1414 2555 ecclesiis
1434 2512 1472 2556 ac

165 2591 237 2653 aliis
257 2589 335 2653 locis
357 2591 529 2672 oportunis,
551 2596 644 2671 prout
666 2590 810 2672 requisiti
832 2590 962 2668 fueritis,
983 2591 1176 2673 sepedictum
1194 2590 1416 2655 Hermannum
1434 2590 1474 2654 de

168 2687 285 2751 Bibera
311 2692 342 2751 et
363 2686 440 2751 alias
461 2687 640 2751 nominatas
664 2707 814 2769 personas
843 2688 997 2770 predictas
1022 2687 1238 2753 inobedientes
1257 2689 1422 2753 manifeste
1442 2694 1474 2751 et

166 2785 300 2848 rebelles
332 2786 462 2859 nostris,
493 2786 591 2848 immo
629 2786 735 2849 verius
768 2785 947 2869 apostolicis
984 2785 1234 2865 monicionibuS,
1264 2785 1421 2851 mandatis
1442 2793 1473 2849 et

165 2882 431 2966 requisitionibus
451 2884 654 2966 supradictis,
676 2891 707 2947 et
730 2883 815 2959 illos,
845 2885 901 2966 qui
923 2886 955 2947 in
977 2891 1138 2966 posterum
1166 2884 1227 2948 hiis
1254 2884 1418 2948 manifeste
1438 2902 1472 2947 se

164 2980 371 3045 exhibuerint
393 2980 537 3058 rebelles,
558 2981 597 3043 de
618 3000 755 3064 quorum
776 2981 961 3045 nominibus
977 2988 1008 3045 et
1024 2983 1165 3065 personis
1182 2980 1272 3045 vobis
1289 2984 1472 3054 constiterit,

163 3080 384 3163 pronuncietis
406 3080 744 3142 excommunicationis
765 3099 782 3141 a
805 3078 943 3161 predicto
968 3080 1097 3142 domino
1119 3086 1224 3143 nostro
1244 3099 1324 3164 papa
1343 3080 1473 3163 prolatis

163 3178 337 3241 sentenciis
359 3177 532 3255 subiacere,
551 3178 701 3259 ipsosque
719 3178 1012 3240 excommunicatos
1027 3177 1163 3259 singulis
1177 3177 1289 3241 diebus
1305 3178 1472 3241 dominicis

163 3282 196 3340 et
216 3275 353 3351 festivis,
381 3275 523 3338 accensis
544 3274 683 3338 candelis
709 3281 739 3338 et
768 3274 901 3357 pulsatis
927 3277 1105 3357 campanis,
1133 3294 1207 3338 cum
1234 3276 1383 3339 omnibus
1410 3275 1471 3339 sibi

164 3384 284 3437 temere
304 3372 614 3436 communicantibus
633 3373 758 3455 publice
776 3374 943 3437 nuncietis.
976 3372 1016 3436 Et
1033 3373 1159 3437 eosdem
1176 3373 1306 3437 clericos
1325 3375 1472 3456 superius

165 3474 356 3546 nominatos,
377 3470 484 3553 quiin
507 3471 575 3533 suis
595 3469 707 3534 ciliciis
729 3472 812 3535 sicut
831 3472 920 3553 prius
941 3471 1122 3535 divinorum
1144 3470 1248 3535 officia
1263 3471 1472 3541 celebrarunt,

163 3573 279 3648 immo,
310 3574 466 3650 quantum
491 3568 524 3631 in
549 3570 594 3631 eis
622 3576 687 3645 est,
713 3570 821 3651 pocius
851 3570 1101 3652 prophanarunt,
1136 3568 1375 3653 irregularitatis
1406 3570 1472 3632 lore

163 3669 280 3751 laqueo
302 3666 475 3741 involutos,
501 3686 604 3748 aquo
631 3668 691 3749 ipsi
713 3673 743 3729 et
765 3686 875 3730 ornnes
896 3666 950 3729 alii
978 3667 1117 3749 predicta
1144 3668 1472 3731 excommunicatione

163 3767 252 3851 ligati
274 3766 353 3827 citra
376 3764 482 3827 sedem
505 3764 703 3844 apostolicam
729 3763 853 3827 liberari
876 3771 1041 3848 nequeunt
1068 3784 1126 3828 nec
1147 3764 1277 3829 absolvi.
1328 3764 1369 3829 Et
1396 3766 1471 3847 quia

163 3866 199 3927 in
242 3862 323 3925 facto
365 3872 429 3924 tam
465 3881 579 3943 magno
621 3868 651 3925 et
688 3862 863 3944 pernicioso
907 3861 1051 3945 exemplo
1093 3862 1247 3945 predictos
1288 3861 1471 3925 manifestos

164 3960 383 4025 inobediencie
404 3966 435 4022 et
455 3959 634 4023 rebellionis
661 3967 818 4039 auctores,
848 3961 903 4042 qui
930 3967 1130 4024 recesserunt
1153 3979 1338 4045 percorum
1363 3958 1471 4023 inobe-

163 4060 320 4123 dienciam
332 4059 371 4120 ab
383 4056 513 4121 ecclesie
525 4057 675 4121 catholice
688 4058 815 4137 unitate,
836 4057 1109 4121 animadversione
1126 4059 1282 4140 condigna
1294 4058 1471 4121 necessario

163 4158 279 4239 corrigi
305 4156 454 4218 convenit
481 4162 512 4217 et
538 4156 660 4237 puniri,
689 4161 739 4231 ut,
766 4175 846 4238 quos
875 4158 970 4218 timor
989 4154 1050 4218 Dei
1077 4155 1116 4219 ab
1143 4156 1360 4220 inobediencie
1389 4154 1471 4217 malo

165 4274 228 4317 non
261 4262 402 4332 revocat,
431 4253 542 4317 saltem
575 4260 719 4317 exerceat
756 4255 906 4317 severitas
941 4253 1152 4318 ecclesiastice
1182 4253 1352 4337 discipline.
1405 4252 1472 4315 Nos

164 4352 321 4435 quamdiu
343 4350 472 4435 predicti
488 4352 753 4414 excommunicati
770 4352 917 4434 superius
928 4353 1070 4435 expressi
1091 4351 1140 4415 vel
1161 4351 1277 4433 aliquis
1297 4348 1470 4415 eorundem

165 4452 200 4512 in
239 4450 353 4513 vestris
395 4449 611 4527 monasteriis,
652 4448 791 4512 ecclesiis
830 4454 860 4511 et
902 4449 1075 4532 parrochiis
1116 4468 1150 4513 se
1182 4448 1386 4512 exhibuerint
1422 4448 1471 4509 vel

165 4545 355 4627 exhibuerit,
375 4565 495 4613 moram
515 4548 668 4612 traxerint
679 4546 727 4613 vel
748 4547 888 4627 traxerit,
909 4548 969 4609 visi
991 4546 1111 4613 tuerint
1125 4547 1175 4615 vel
1195 4546 1290 4615 fucrit
1310 4551 1341 4613 et
1361 4564 1471 4613 aarum
