3525 5209
483 461 712 519 Urlrundenbuch
732 463 781 520 der
800 464 883 520 Stadt
902 465 1006 522 Erlurt¹
1044 465 1082 525 11.
1101 465 1187 524 Theil.
1440 467 1491 523 597

188 613 272 695 quod
296 614 452 690 interdici,
486 617 636 700 suspendi
672 620 718 680 vel
751 621 1020 683 excommunicari
1043 640 1097 684 seu
1124 625 1213 684 extra
1234 621 1282 684 vel
1305 621 1386 684 ultra
1407 625 1490 684 certa

186 713 253 775 luca
291 713 329 775 ad
362 713 515 778 iudicium
550 718 672 779 evocari
713 737 774 781 non
804 721 927 802 possint
957 739 1012 803 per
1042 720 1161 784 litteras
1196 721 1396 803 apostolicas,
1427 740 1491 782 uon

186 811 337 875 facientes
370 813 493 895 plenam
528 821 557 877 et
588 834 767 898 expressam
806 838 842 880 ac
874 819 912 880 de
945 818 1039 881 verbo
1069 819 1106 882 ad
1134 818 1265 881 verbnm
1299 820 1337 881 de
1367 818 1492 881 indulto

186 911 367 972 huiusmodi
399 916 429 973 et
455 931 564 975 eorum
589 918 745 996 personis,
775 917 869 996 loeis,
901 917 1065 980 ordinibus
1098 923 1128 980 et
1153 916 1336 980 nominibus
1358 919 1492 1000 propriis

187 1009 398 1079 mentionem,
440 1015 471 1072 et
508 1011 648 1092 qualibet
681 1015 740 1077 alia
784 1016 864 1079 dicte
903 1016 986 1079 sedis
1022 1016 1223 1098 indulgencia
1259 1015 1395 1098 generali
1440 1014 1490 1077 vel

185 1107 323 1190 speciali,
341 1108 562 1191 cuiuscunque
572 1115 690 1175 tenoris
704 1115 826 1189 existat,
844 1135 1005 1197 perquam
1021 1113 1220 1198 presentibus
1234 1133 1295 1175 non
1309 1131 1489 1196 expressam

185 1205 235 1266 rel
256 1206 391 1268 totaliter
416 1225 480 1268 non
505 1209 654 1272 insertam
683 1217 791 1275 nostre
821 1213 1049 1275 iurisdictionis
1077 1213 1243 1295 explicatio
1274 1213 1307 1273 in
1328 1210 1387 1273 hac
1404 1215 1491 1293 parte

188 1303 289 1366 valeat
311 1304 547 1384 quomodolibet
568 1308 728 1390 impediri,
751 1311 840 1374 etde
862 1332 925 1393 qua
945 1313 1102 1393 cuiusque
1123 1314 1306 1373 toletenore
1327 1311 1358 1370 in
1376 1309 1492 1371 nostris

183 1401 294 1464 litteris
324 1401 467 1465 habenda
496 1406 536 1466 sit
562 1409 686 1468 mencio
715 1408 865 1490 specialis.
909 1407 1054 1471 Ceterum
1080 1409 1228 1471 volumus
1256 1412 1286 1472 et
1307 1408 1491 1470 auctoritate

187 1500 356 1584 apostolica
378 1501 586 1567 decernimus.
608 1505 691 1586 quod
715 1505 847 1587 quilibet
868 1513 1007 1569 vestrum
1029 1509 1177 1589 prosequi
1199 1507 1302 1569 valeat
1322 1505 1490 1568 articulum

184 1600 281 1661 eciam
306 1618 361 1681 por
382 1600 479 1662 alium
504 1601 703 1672 inchoatum.
730 1608 876 1686 quamvis
898 1606 979 1668 idom
1003 1606 1155 1668 inchoans
1176 1605 1264 1668 nullo
1285 1605 1380 1668 fuerit
1394 1604 1492 1687 impe-

186 1697 326 1760 dimento
348 1700 499 1761 canonico
521 1702 718 1782 prepeditus,
746 1709 895 1787 quodque
921 1727 939 1766 a
962 1705 1041 1767 datis
1064 1705 1260 1787 presencium
1291 1703 1331 1764 sit
1351 1701 1441 1764 vobis
1462 1705 1493 1764 et

188 1797 364 1878 unicuique
393 1803 532 1860 vestrum
566 1800 596 1859 in
628 1803 790 1882 premissis
824 1803 973 1865 omnihus
1000 1813 1030 1865 ct
1057 1822 1165 1866 eorum
1189 1801 1324 1884 singulis
1345 1799 1442 1882 ceptis
1463 1802 1494 1862 et

185 1913 246 1955 non
269 1896 375 1978 ceptis,
394 1896 594 1975 presentibus
615 1904 646 1960 et
666 1898 791 1969 futuris,
812 1906 993 1983 perpetuata
1013 1905 1148 1984 potestas
1170 1904 1200 1962 et
1219 1898 1392 1962 iurisdictio
1407 1897 1493 1959 attri-

184 1991 269 2072 buta,
288 1997 324 2055 ut
338 2013 374 2056 eo
392 1995 500 2076 rigore
518 2013 618 2077 eaque
627 1995 775 2059 firmitate
788 2000 914 2080 possitis
926 2000 955 2060 in
971 2000 1131 2082 premissis
1145 1995 1293 2060 omnibus
1307 2001 1337 2059 et
1350 1996 1495 2079 singulis,

183 2091 281 2172 ceptis
296 2097 400 2154 etnon
416 2094 520 2175 ceptio,
544 2093 742 2175 presentibus
764 2102 795 2158 et
815 2097 941 2174 futuris,
965 2103 994 2160 et
1018 2117 1072 2180 pro
1093 2095 1239 2179 predictis
1261 2093 1435 2178 procedere,
1457 2113 1493 2156 ac

186 2187 212 2246 si
235 2187 373 2268 predicta
396 2191 504 2252 omnia
524 2195 555 2253 et
577 2193 702 2273 singula
724 2214 827 2256 eoram
851 2194 944 2258 nobis
966 2197 1089 2276 incepta
1110 2195 1246 2257 luissent
1267 2199 1297 2255 et
1317 2191 1492 2255 iurisdictio

187 2291 293 2346 nostra
313 2293 344 2347 et
365 2285 498 2367 quilibet
519 2295 658 2352 vestrum
685 2293 717 2353 in
731 2292 878 2374 predictis
890 2293 1039 2355 omnihus
1055 2299 1084 2356 et
1101 2292 1236 2374 singulis
1247 2291 1491 2374 pensitationem

186 2382 236 2444 rel
259 2384 387 2448 modum
411 2385 509 2448 aliurn
526 2393 708 2470 perpetuata
730 2390 919 2470 legittimum
936 2392 1098 2467 extitisset,
1120 2391 1344 2452 constitutione
1354 2387 1493 2470 predicta

185 2501 280 2566 super
301 2484 576 2547 conservatoribus
586 2492 617 2547 et
638 2487 698 2549 alia
720 2488 860 2570 qualibet
878 2491 909 2550 in
933 2490 1125 2551 contrarium
1149 2488 1231 2550 edita
1252 2505 1316 2548 non
1341 2484 1493 2559 obstante,

185 2579 384 2662 presentibus
425 2587 494 2664 post
535 2585 706 2648 triennium
755 2588 887 2649 minime
920 2588 1070 2650 valituris.
1121 2584 1236 2648 Datum
1275 2583 1374 2647 Rome
1416 2588 1493 2667 aput

185 2683 329 2740 sanctum
351 2677 497 2753 Petrum,
518 2681 555 2743 V.
577 2680 670 2745 Ydus
691 2681 779 2763 Maii,
801 2685 1001 2766 pontificatus
1025 2683 1121 2747 nostri
1144 2703 1227 2746 anno
1249 2683 1359 2765 prime.

265 2775 343 2839 ltem
357 2784 446 2840 tenor
459 2777 724 2863 subdelegationis
740 2789 844 2844 nostre
858 2790 905 2844 est
915 2783 1000 2844 talis:
1016 2781 1205 2855 Gerhardus,
1215 2780 1272 2845 Dei
1284 2785 1314 2843 et
1325 2780 1492 2863 apostolice

184 2874 268 2937 sedis
278 2877 379 2954 gratia
394 2878 560 2961 episcopus
574 2876 820 2961 Herbipolensis,
837 2881 933 2942 iudex
952 2889 981 2942 et
1000 2887 1201 2944 conservator
1216 2879 1443 2962 oppidanorum
1462 2881 1493 2940 et

185 2972 359 3036 incolarum
391 2993 426 3036 ac
454 2974 663 3039 habitatorum
685 2977 717 3037 in
750 2978 863 3060 oppido
885 2977 1074 3041 Ertlordensi
1098 2986 1128 3042 et
1149 2981 1218 3042 eius
1239 2977 1391 3056 districtu,
1415 2976 1492 3039 dioc.

185 3070 455 3155 liuguutinensiS,
477 3093 541 3135 una
561 3094 632 3135 cum
656 3077 772 3138 nostris
784 3077 814 3138 in
832 3077 889 3139 hac
901 3083 987 3158 parte
1003 3079 1095 3141 certis
1117 3078 1243 3159 collegis
1259 3095 1331 3139 cum
1348 3074 1493 3153 formula,

185 3175 342 3252 quatenus
369 3190 426 3233 vos
453 3172 502 3232 vel
533 3170 596 3233 duo
622 3179 799 3236 autunum
823 3182 964 3237 restrum
988 3195 1120 3258 perros
1143 3176 1190 3238 vel
1214 3175 1311 3237 alium
1334 3193 1390 3236 seu
1414 3173 1492 3236 alies

184 3274 240 3331 otc.
263 3289 280 3330 a
302 3269 375 3331 sede
397 3270 565 3351 apostolica
588 3271 763 3352 specialiter
791 3271 973 3355 deputatus,
1004 3273 1174 3337 vonerabili
1202 3279 1232 3336 et
1260 3273 1371 3335 dilecto
1401 3270 1492 3334 nobis

184 3368 303 3429 decane
325 3368 455 3431 ecclesie
477 3368 673 3431 nostrcNovi
697 3371 1128 3454 monasteriiHerbipolensis
1151 3373 1284 3436 salutern
1306 3372 1339 3434 in
1352 3369 1489 3433 Domino

184 3467 405 3547 sempiternam
443 3471 473 3529 el
504 3467 661 3530 mandalis
692 3470 808 3530 nostris
840 3469 1048 3553 infrascriptis
1080 3490 1153 3550 ymo
1174 3471 1281 3532 verius
1312 3467 1489 3551 apostolicis

183 3563 315 3626 firmiter
334 3562 467 3627 obedire.
511 3563 643 3628 Litteras
665 3568 855 3630 sanctissimi
877 3569 909 3628 in
934 3567 1055 3631 Christo
1078 3571 1174 3652 patris
1197 3575 1227 3630 et
1249 3567 1367 3629 domini
1389 3566 1489 3627 nostri

184 3660 301 3723 domini
316 3661 446 3730 Urbani,
462 3663 568 3725 divina
582 3665 778 3746 providentia
788 3685 866 3749 pape
885 3668 974 3746 sexti,
995 3665 1234 3730 moreRomane
1248 3666 1335 3728 curie
1346 3663 1489 3739 bullatas,

185 3779 248 3821 nun
271 3779 370 3836 rasas,
404 3779 467 3822 non
491 3761 690 3837 cancellatas,
721 3762 813 3827 nobis
845 3784 900 3848 per
930 3763 1110 3827 Gouradum
1141 3764 1179 3827 de
1199 3761 1387 3844 Luneburg,
1418 3780 1489 3844 pre·

183 3863 359 3920 curatorem
382 3864 412 3920 et
434 3858 589 3921 sindicum
604 3860 759 3924 dictorum
776 3863 1015 3945 oppidanorum,
1037 3862 1210 3925 incolarum
1229 3866 1259 3924 et
1275 3859 1488 3922 habitatorum

184 3958 214 4016 iu
238 3956 345 4017 eodem
369 3956 482 4038 oppido
503 3963 533 4019 el
555 3960 624 4021 eius
646 3959 789 4022 districtu
811 3961 849 4022 ad
870 3962 929 4023 hoc
951 3961 1089 4044 legitime
1110 3960 1333 4036 constitutum,
1359 3957 1397 4019 de
1424 3977 1488 4038 quo

184 4053 354 4134 plenariam
377 4053 471 4116 fidem
485 4056 564 4128 lecit,
586 4056 678 4118 uobis
691 4065 886 4140 presentatas
901 4079 972 4122 curn
985 4059 1089 4122 debita
1099 4060 1274 4121 reverentia
1284 4061 1317 4118 in
1330 4054 1488 4137 presentia

186 4153 337 4213 ..notarii
367 4151 485 4232 publici
515 4159 544 4215 et
572 4155 699 4217 testium
730 4157 767 4218 ad
798 4158 856 4218 hoc
879 4163 1061 4220 vocatorum
1092 4158 1218 4220 noveris
1243 4175 1301 4218 nos
1327 4155 1488 4236 recepisse,

184 4271 263 4332 quas
285 4269 351 4312 una
371 4269 444 4312 cum
467 4252 666 4332 presentibus
688 4254 743 4316 tibi
768 4254 917 4318 volumus
941 4255 1097 4332 exhiberi,
1125 4255 1177 4318 sed
1201 4253 1283 4336 quod
1307 4252 1487 4315 executioni

184 4349 337 4410 dictarum
359 4348 519 4411 literarum
543 4351 783 4432 apostolicarum
797 4359 824 4415 ct
840 4373 960 4430 corum,
983 4373 1044 4436 que
1060 4352 1150 4415 nobis
1168 4352 1234 4414 fieri
1247 4349 1487 4428 mandabantur,

185 4465 247 4507 non
269 4466 440 4530 possumus
468 4447 505 4509 ad
528 4456 656 4522 presens
679 4451 881 4532 personaliter
901 4453 1062 4527 interesse,
1083 4450 1191 4512 arduis
1211 4449 1350 4528 negociis
1370 4447 1487 4510 nostris

183 4549 213 4606 ot
234 4545 364 4607 ecclesie
387 4550 492 4607 nostre
514 4546 671 4628 impediti,
702 4547 768 4624 tibi,
800 4549 837 4610 do
869 4550 962 4611 euius
985 4548 1139 4631 legalitate
1170 4547 1320 4610 fiduciam
1345 4547 1487 4628 gerimus

182 4641 366 4728 pleniorem,
387 4644 494 4708 omnia
515 4644 649 4729 singula,
672 4645 762 4709 nobis
784 4666 838 4733 per
860 4647 958 4712 dictas
976 4647 1082 4712 literas
1101 4645 1287 4733 apostolicas
1308 4645 1488 4730 commissa,
