3525 5209
283 387 335 441 264
639 388 913 459 Geschichtsquellen
930 386 980 443 der
997 386 1079 447 Prov.
1099 387 1230 443 Sacbsen.

284 540 341 601 mit
362 538 486 600 unsirm
508 538 620 620 insigel
640 538 787 622 vorsigelt
807 538 938 603 darubir
957 538 1102 622 gegebin.
1143 538 1232 603 Nacb
1242 539 1357 603 Christi
1378 538 1534 621 geburten
1555 539 1592 603 uf

283 634 342 699 den
366 635 518 699 sunabint
538 655 596 698 vor
615 636 725 699 sauhte
736 636 933 719 Margareten
954 644 1038 718 tage,
1059 637 1100 703 dn
1123 658 1195 701 man
1215 638 1314 702 czalte
1332 638 1590 701 driczenhundirt

282 738 315 799 in
337 736 428 799 deme
448 754 515 800 nun
538 735 604 799 und
626 734 823 817 virczigisten
845 735 921 799 iare.

181 864 186 873 '
282 886 398 969 luo.
425 884 520 968 run
547 886 605 969 11.
1498 886 1586 967 am.

385 1004 528 1083 Gerlach,
549 1004 735 1085 Erebisclrof
750 1024 808 1067 con
827 1004 951 1082 Meiere,
971 1004 1070 1067 orleilt
1087 1004 1143 1067 der
1154 1004 1245 1069 Stcdl
1265 1004 1384 1085 Erfurt
1403 1002 1463 1066 (las
1485 1004 1590 1069 ntei-

382 1104 505 1267 miei}
525 1102 827 1265 {prnilrchilrpcr
847 1101 933 1166 nicht
953 1124 1007 1165 cor
1027 1102 1078 1166 cin
1097 1102 1303 1183 ocswdrtipes
1316 1101 1443 1167 Gerr'clrl
1459 1122 1590 1183 pelopen

436 1304 481 1359 Or.
501 1302 539 1357 im
558 1300 716 1370 Kereus.
735 1316 769 1353 ra
787 1298 827 1351 M.
854 1298 881 1353 S.
891 1299 918 1352 d.

433 1374 535 1441 laium,
553 1370 699 1427 Deatsclres
718 1369 914 1435 Reiclecreln'r,
932 1368 980 1423 lc.
999 1368 1026 1424 u
1037 1373 1097 1423 445.

437 1442 614 1509 Wdrdtweim
633 1442 709 1497 nes.
719 1440 783 1508 dipl.
792 1438 838 1507 VI,
857 1440 952 1499 &318

432 1512 614 1578 Fattautan,
633 1512 767 1569 Histros
785 1510 895 1577 hisoen,
914 1510 1011 1569 8230.

362 1612 527 1694 (lenaeus,
554 1610 613 1675 Dei
639 1611 740 1693 gretia
765 1618 872 1677 sancte
895 1611 1079 1693 Mogontine
1107 1613 1190 1677 sedis
1215 1614 1483 1697 archiepiscopus,
1508 1615 1589 1677 sacri

281 1711 404 1793 imperii
430 1730 486 1793 per
507 1708 708 1773 Germaniam
735 1710 1042 1789 archicancellarius,
1068 1712 1144 1773 viris
1166 1710 1375 1794 prudentibus
1396 1717 1427 1775 et
1447 1712 1589 1775 discretis

284 1808 444 1889 magistris
464 1808 648 1888 consulum,
677 1807 864 1871 consulibus
883 1810 1004 1891 totique
1025 1810 1222 1873 universitati
1245 1809 1381 1873 civitatis
1392 1809 1592 1873 Erfurdensis

281 1906 428 1971 fidelibus
446 1908 514 1970 suis
531 1906 651 1971 dilectis
669 1908 802 1989 gratiam
823 1926 915 1970 suam
936 1912 968 1971 et
987 1926 1082 1971 omne
1102 1906 1231 1972 bonum.
1269 1907 1370 1971 Vobis
1386 1908 1589 1971 concedimus

281 2010 373 2069 etex
397 2006 502 2069 causis
526 2003 768 2069 rationabilibus
794 2024 853 2069 nos
879 2005 920 2068 ad
946 2006 1004 2069 hoc
1029 2004 1234 2068 ntoventibus
1260 2006 1459 2088 presentibus
1483 2005 1590 2069 indul·

280 2122 411 2186 gemus,
438 2110 596 2187 quatenus
625 2106 716 2165 extra
742 2102 901 2167 civitatem
918 2102 1141 2167 Idrfordensem
1167 2103 1249 2167 traln
1276 2122 1332 2187 per
1352 2103 1477 2186 aliquos
1496 2102 1589 2167 nobis

281 2203 441 2267 subiectos
467 2201 589 2265 iudices
618 2221 683 2265 non
710 2200 850 2284 possitis,
884 2202 939 2265 sed
968 2203 1023 2284 qui
1049 2206 1158 2265 contm
1184 2221 1242 2265 vos
1269 2207 1325 2266 aut
1352 2208 1474 2265 vestros
1502 2221 1588 2265 com-

281 2303 421 2365 muniter
440 2299 490 2363 vel
512 2299 637 2363 divisim
656 2300 690 2361 in
711 2300 781 2363 inre
800 2300 936 2383 experiri
958 2300 1103 2380 voluerit,
1123 2302 1214 2364 adeat
1235 2299 1400 2384 providum
1422 2298 1588 2363 Theoderi-

281 2420 353 2463 cum
376 2397 606 2463 Marschalcnm
628 2399 666 2463 de
688 2398 898 2476 Goszerstete‚
916 2400 1111 2481 provisorem
1132 2398 1239 2465 allodi
1259 2399 1358 2461 nostri
1381 2396 1589 2485 Ertordensis

281 2498 411 2563 ecclesie
437 2496 579 2561 sSeveri
598 2494 799 2560 Erfurdensis
828 2498 1035 2573 canonicum,
1061 2516 1157 2578 quem
1183 2498 1216 2559 in
1239 2496 1297 2559 hac
1316 2500 1417 2578 parte,
1443 2500 1475 2557 et
1492 2495 1586 2557 etiam

281 2598 319 2660 de
336 2616 399 2677 quo
418 2614 473 2659 vos
488 2598 543 2659 aut
559 2595 654 2657 vestri
673 2594 817 2658 similiter
834 2595 987 2676 conqueri
1007 2594 1179 2672 volueritis,
1199 2615 1255 2677 pro
1276 2594 1380 2657 iudice
1399 2592 1589 2676 deputamus

280 2700 311 2759 et
329 2696 358 2757 ei
387 2693 630 2770 committimus
655 2699 691 2755 ut
718 2692 752 2755 in
779 2692 885 2755 causis
910 2691 974 2755 illis
995 2712 1051 2775 per
1070 2712 1104 2755 se
1123 2693 1173 2755 rol
1196 2713 1251 2775 per
1271 2692 1384 2770 alium,
1410 2697 1447 2753 ut
1466 2692 1588 2755 iustum

279 2793 387 2870 fuerit,
414 2792 598 2855 auctoritate
624 2794 731 2855 nostra
756 2790 903 2872 procedat
928 2790 1170 2854 ecelesiasticam
1191 2810 1246 2872 per
1264 2808 1441 2853 censuram.
1480 2788 1587 2852 Testes

280 2910 415 2973 quoque,
437 2890 493 2973 qui
515 2889 668 2953 nominati
688 2888 814 2967 fuerint,
835 2890 861 2951 si
884 2908 918 2953 se
938 2890 1047 2971 gratia,
1066 2889 1138 2952 odio
1159 2889 1209 2950 vet
1232 2888 1343 2951 tiruore
1364 2886 1587 2964 subtraxerint,

279 3008 412 3053 censura
430 2987 587 3051 consimili
607 2991 699 3068 cogat
719 2986 842 3049 veritati
864 2988 1080 3049 testimoninm
1102 2986 1272 3070 perhibere,
1292 2985 1471 3049 inhibentes
1492 2986 1584 3048 etiam

278 3085 428 3149 omnibns
461 3091 492 3149 et
524 3084 660 3167 singuiis
691 3082 834 3166 plebanis
865 3084 1056 3166 capellarum
1090 3104 1148 3149 seu
1180 3084 1382 3147 ecclesiarum
1411 3082 1586 3147 rectoribus

277 3182 370 3247 nobis
386 3183 545 3259 subiectis,
566 3202 607 3245 ne
623 3180 730 3264 aliqua
748 3182 898 3245 mandate
914 3182 964 3245 rel
982 3182 1102 3245 litteras
1123 3188 1232 3245 contra
1252 3182 1422 3264 predictam
1443 3186 1585 3244 nostram

277 3282 513 3345 concessionem
541 3299 808 3363 quorumcunque
834 3279 927 3343 nobis
948 3279 1163 3343 subiectorum
1180 3280 1320 3343 iudicum
1345 3280 1510 3362 recipiant,
1535 3278 1587 3341 vel

278 3378 514 3463 quomodolibet
541 3384 748 3459 exequantur.
791 3377 857 3441 Nos
884 3379 984 3456 enim,
1010 3380 1038 3441 si
1058 3398 1150 3441 secus
1171 3398 1189 3440 a
1211 3398 1373 3460 quoquam
1394 3376 1585 3440 contrahas

276 3482 417 3541 nostram
445 3476 680 3539 concessionem
707 3481 738 3538 et
764 3476 984 3539 inhibitionem
1011 3480 1229 3559 attemptatum
1251 3476 1359 3554 tuterit,
1385 3473 1585 3537 decernimus

276 3575 401 3637 irritum
426 3580 457 3635 et
482 3573 585 3635 inane.
628 3571 746 3635 Datum
773 3572 902 3637 sabbato
928 3574 1072 3656 proximo
1098 3572 1276 3637 antediem
1299 3572 1360 3636 bte.
1386 3572 1583 3653 Margarethe

275 3670 408 3755 virginis
432 3690 516 3733 anno
537 3668 668 3733 Domini
690 3670 823 3735 MCCO.
837 3670 904 3733 XL
927 3691 1020 3736 nono.

275 3822 390 3905 lats.
415 3819 510 3903 dull
540 3824 596 3903 ll.
1492 3820 1581 3902 ete.

377 3938 525 4017 Gerlach,
559 3940 745 4023 Erebiechof
767 3960 826 4003 cort
853 3938 983 4016 Manu,
1019 3940 1160 4020 baddlipl
1189 3941 1245 4003 der
1272 3939 1364 4004 Sludt
1395 3940 1508 4019 Erfurl
1532 3936 1584 4001 dic

373 4058 431 4102 corr
452 4039 558 4101 seinen
590 4038 762 4121 Vorsalrren
784 4037 961 4101 erlecllenen
982 4038 1179 4119 Pricilept'en.

423 4138 666 4223 Inpressuturbuclt
684 4136 729 4191 des
749 4136 892 4204 Erratisles
911 4136 1088 4204 tratrem„
1106 4138 1134 4191 S.
1144 4141 1205 4206 307,
1225 4141 1262 4191 int
1280 4136 1529 4209 KpLKrersorclu'e
1547 4152 1582 4188 zu

423 4208 698 4345 Falliiiertzeiitiyllist.
717 4296 766 4333 von
785 4277 896 4345 Erfurt,
917 4278 945 4335 S.
954 4282 1009 4332 229
1016 4276 1082 4337 κδ’.
1093 4282 1153 4335 282.

352 4376 418 4441 Nos
440 4376 590 4440 Gerlacns
616 4376 695 4440 etc.l
718 4374 928 4459 prudentibus
953 4376 1030 4439 viris
1051 4378 1211 4458 magistris
1230 4376 1415 4453 consulum,
1442 4372 1581 4437 consuli·

271 4476 332 4540 bns
364 4478 486 4559 totique
512 4475 711 4539 universitati
737 4475 872 4537 civitatis
900 4480 1007 4537 nostre
1031 4473 1246 4537 Erffurdensis
1266 4472 1414 4536 fidelibus
1441 4472 1509 4534 suis
1535 4468 1582 4531 di·

269 4574 358 4639 lectis
383 4574 516 4657 gratiam
545 4594 635 4637 suam
662 4579 694 4636 et
714 4592 807 4635 omne
830 4572 959 4637 bonum.
1000 4570 1112 4635 Merita
1133 4578 1313 4636 nostrorum
1334 4570 1487 4653 obsequia
1506 4568 1581 4631 fide
