<?xml version="1.0" encoding="UTF-8"?>
<!DOCTYPE html PUBLIC "-//W3C//DTD XHTML 1.0 Transitional//EN"
    "http://www.w3.org/TR/xhtml1/DTD/xhtml1-transitional.dtd">
<html xmlns="http://www.w3.org/1999/xhtml" xml:lang="en" lang="en">
 <head>
  <title>
</title>
<meta http-equiv="Content-Type" content="text/html;charset=utf-8" />
  <meta name='ocr-system' content='tesseract 3.04.00' />
  <meta name='ocr-capabilities' content='ocr_page ocr_carea ocr_par ocr_line ocrx_word'/>
</head>
<body>
  <div class='ocr_page' id='page_1' title='image "./urkundenbuchder04sachgoog_0201.png"; bbox 0 0 3525 5209; ppageno 0'>
   <div class='ocr_carea' id='block_1_1' title="bbox 275 375 1220 448">
    <p class='ocr_par' dir='ltr' id='par_1_1' title="bbox 275 375 1220 448">
     <span class='ocr_line' id='line_1_1' title="bbox 275 375 1220 448; baseline 0.007 -19"><span class='ocrx_word' id='word_1_1' title='bbox 275 375 326 430; x_wconf 77' lang='lat'>188</span> <span class='ocrx_word' id='word_1_2' title='bbox 633 375 909 448; x_wconf 83' lang='lat' dir='ltr'>Gesehichtsquellen</span> <span class='ocrx_word' id='word_1_3' title='bbox 928 376 978 431; x_wconf 88' lang='lat' dir='ltr'>der</span> <span class='ocrx_word' id='word_1_4' title='bbox 996 377 1076 435; x_wconf 89' lang='lat' dir='ltr'>Pror.</span> <span class='ocrx_word' id='word_1_5' title='bbox 1090 377 1220 436; x_wconf 83' lang='lat' dir='ltr'>Sschsen.</span> 
     </span>
    </p>
   </div>
   <div class='ocr_carea' id='block_1_2' title="bbox 272 526 1584 708">
    <p class='ocr_par' dir='ltr' id='par_1_2' title="bbox 272 526 1584 708">
     <span class='ocr_line' id='line_1_2' title="bbox 274 526 1584 608; baseline 0.002 -21"><span class='ocrx_word' id='word_1_6' title='bbox 274 526 331 588; x_wconf 82' lang='lat' dir='ltr'>daz</span> <span class='ocrx_word' id='word_1_7' title='bbox 353 526 404 589; x_wconf 90' lang='lat' dir='ltr'>die</span> <span class='ocrx_word' id='word_1_8' title='bbox 422 526 533 590; x_wconf 88' lang='lat' dir='ltr'>erbern</span> <span class='ocrx_word' id='word_1_9' title='bbox 556 527 636 605; x_wconf 73' lang='lat' dir='ltr'>lete,</span> <span class='ocrx_word' id='word_1_10' title='bbox 663 528 713 590; x_wconf 91' lang='lat' dir='ltr'>die</span> <span class='ocrx_word' id='word_1_11' title='bbox 737 530 970 608; x_wconf 79' lang='lat' dir='ltr'>retismeystere</span> <span class='ocrx_word' id='word_1_12' title='bbox 1001 528 1085 591; x_wconf 91' lang='lat' dir='ltr'>unde</span> <span class='ocrx_word' id='word_1_13' title='bbox 1112 529 1206 592; x_wconf 89' lang='lat' dir='ltr'>der..</span> <span class='ocrx_word' id='word_1_14' title='bbox 1233 535 1282 591; x_wconf 85' lang='lat' dir='ltr'>rat</span> <span class='ocrx_word' id='word_1_15' title='bbox 1308 549 1349 591; x_wconf 85' lang='lat' dir='ltr'>zu</span> <span class='ocrx_word' id='word_1_16' title='bbox 1381 527 1504 592; x_wconf 81' lang='lat' dir='ltr'>Flrforte</span> <span class='ocrx_word' id='word_1_17' title='bbox 1529 527 1584 589; x_wconf 89' lang='lat' dir='ltr'>des</span> 
     </span>
     <span class='ocr_line' id='line_1_3' title="bbox 272 623 1584 708; baseline 0 -22"><span class='ocrx_word' id='word_1_18' title='bbox 272 623 389 705; x_wconf 73' lang='lat' dir='ltr'>geldas,</span> <span class='ocrx_word' id='word_1_19' title='bbox 411 624 467 686; x_wconf 81' lang='lat' dir='ltr'>daz</span> <span class='ocrx_word' id='word_1_20' title='bbox 490 626 536 688; x_wconf 91' lang='lat' dir='ltr'>sie</span> <span class='ocrx_word' id='word_1_21' title='bbox 560 645 623 688; x_wconf 89' lang='lat' dir='ltr'>uns</span> <span class='ocrx_word' id='word_1_22' title='bbox 644 625 789 708; x_wconf 83' lang='lat' dir='ltr'>schuldig</span> <span class='ocrx_word' id='word_1_23' title='bbox 802 628 901 688; x_wconf 88' lang='lat' dir='ltr'>warin</span> <span class='ocrx_word' id='word_1_24' title='bbox 924 645 1031 688; x_wconf 91' lang='lat' dir='ltr'>umme</span> <span class='ocrx_word' id='word_1_25' title='bbox 1052 626 1102 688; x_wconf 89' lang='lat' dir='ltr'>die</span> <span class='ocrx_word' id='word_1_26' title='bbox 1117 627 1305 706; x_wconf 82' lang='lat' dir='ltr'>grafesclrait</span> <span class='ocrx_word' id='word_1_27' title='bbox 1326 647 1366 690; x_wconf 79' lang='lat' dir='ltr'>zu</span> <span class='ocrx_word' id='word_1_28' title='bbox 1380 625 1584 704; x_wconf 76' lang='lat' dir='ltr'>Vyselbeche,</span> 
     </span>
    </p>
   </div>
   <div class='ocr_carea' id='block_1_3' title="bbox 150 722 1584 807">
    <p class='ocr_par' dir='ltr' id='par_1_3' title="bbox 150 722 1584 807">
     <span class='ocr_line' id='line_1_4' title="bbox 150 722 1584 807; baseline 0 -23"><span class='ocrx_word' id='word_1_29' title='bbox 150 752 154 760; x_wconf 96' lang='lat'>·</span> <span class='ocrx_word' id='word_1_30' title='bbox 272 723 322 785; x_wconf 91' lang='lat' dir='ltr'>die</span> <span class='ocrx_word' id='word_1_31' title='bbox 339 725 398 784; x_wconf 90' lang='lat' dir='ltr'>wir</span> <span class='ocrx_word' id='word_1_32' title='bbox 418 743 457 785; x_wconf 91' lang='lat' dir='ltr'>on</span> <span class='ocrx_word' id='word_1_33' title='bbox 480 723 630 786; x_wconf 84' lang='lat' dir='ltr'>rorkouft</span> <span class='ocrx_word' id='word_1_34' title='bbox 657 723 771 802; x_wconf 80' lang='lat' dir='ltr'>hubin,</span> <span class='ocrx_word' id='word_1_35' title='bbox 799 744 862 787; x_wconf 86' lang='lat' dir='ltr'>uns</span> <span class='ocrx_word' id='word_1_36' title='bbox 892 722 1011 786; x_wconf 79' lang='lat' dir='ltr'>bernolt</span> <span class='ocrx_word' id='word_1_37' title='bbox 1038 723 1124 786; x_wconf 90' lang='lat' dir='ltr'>unde</span> <span class='ocrx_word' id='word_1_38' title='bbox 1145 725 1306 807; x_wconf 85' lang='lat' dir='ltr'>rorgoldin</span> <span class='ocrx_word' id='word_1_39' title='bbox 1330 724 1425 786; x_wconf 84' lang='lat' dir='ltr'>habin</span> <span class='ocrx_word' id='word_1_40' title='bbox 1448 723 1584 785; x_wconf 89' lang='lat' dir='ltr'>hundert</span> 
     </span>
    </p>
   </div>
   <div class='ocr_carea' id='block_1_4' title="bbox 270 819 1583 1392">
    <p class='ocr_par' dir='ltr' id='par_1_4' title="bbox 270 819 1583 1392">
     <span class='ocr_line' id='line_1_5' title="bbox 275 819 1582 904; baseline 0.001 -23"><span class='ocrx_word' id='word_1_41' title='bbox 275 820 363 882; x_wconf 81' lang='lat' dir='ltr'>nrarlr</span> <span class='ocrx_word' id='word_1_42' title='bbox 386 821 453 883; x_wconf 90' lang='lat' dir='ltr'>und</span> <span class='ocrx_word' id='word_1_43' title='bbox 474 822 583 904; x_wconf 83' lang='lat' dir='ltr'>tirczig</span> <span class='ocrx_word' id='word_1_44' title='bbox 605 821 693 884; x_wconf 75' lang='lat' dir='ltr'>merli</span> <span class='ocrx_word' id='word_1_45' title='bbox 715 820 827 902; x_wconf 80' lang='lat' dir='ltr'>lotiges</span> <span class='ocrx_word' id='word_1_46' title='bbox 849 820 980 900; x_wconf 85' lang='lat' dir='ltr'>sylbers</span> <span class='ocrx_word' id='word_1_47' title='bbox 1029 819 1193 884; x_wconf 88' lang='lat' dir='ltr'>Derselbin</span> <span class='ocrx_word' id='word_1_48' title='bbox 1224 822 1360 884; x_wconf 79' lang='lat' dir='ltr'>hundert</span> <span class='ocrx_word' id='word_1_49' title='bbox 1388 821 1494 883; x_wconf 83' lang='lat' dir='ltr'>nrarlre</span> <span class='ocrx_word' id='word_1_50' title='bbox 1516 821 1582 882; x_wconf 91' lang='lat' dir='ltr'>und</span> 
     </span>
     <span class='ocr_line' id='line_1_6' title="bbox 272 918 1583 1000; baseline 0.001 -22"><span class='ocrx_word' id='word_1_51' title='bbox 272 918 383 998; x_wconf 81' lang='lat' dir='ltr'>tirczig</span> <span class='ocrx_word' id='word_1_52' title='bbox 398 919 506 980; x_wconf 81' lang='lat' dir='ltr'>morke</span> <span class='ocrx_word' id='word_1_53' title='bbox 538 937 612 1000; x_wconf 87' lang='lat' dir='ltr'>sege</span> <span class='ocrx_word' id='word_1_54' title='bbox 637 920 695 980; x_wconf 84' lang='lat' dir='ltr'>wir</span> <span class='ocrx_word' id='word_1_55' title='bbox 723 918 773 980; x_wconf 87' lang='lat' dir='ltr'>die</span> <span class='ocrx_word' id='word_1_56' title='bbox 795 925 987 1000; x_wconf 82' lang='lat' dir='ltr'>vergenonte</span> <span class='ocrx_word' id='word_1_57' title='bbox 1017 918 1085 980; x_wconf 83' lang='lat' dir='ltr'>stad</span> <span class='ocrx_word' id='word_1_58' title='bbox 1113 918 1177 981; x_wconf 90' lang='lat' dir='ltr'>und</span> <span class='ocrx_word' id='word_1_59' title='bbox 1205 919 1255 982; x_wconf 90' lang='lat' dir='ltr'>die</span> <span class='ocrx_word' id='word_1_60' title='bbox 1280 918 1412 1000; x_wconf 80' lang='lat' dir='ltr'>bdrgere</span> <span class='ocrx_word' id='word_1_61' title='bbox 1432 937 1583 998; x_wconf 76' lang='lat' dir='ltr'>gemeyn-</span> 
     </span>
     <span class='ocr_line' id='line_1_7' title="bbox 272 1013 1583 1098; baseline 0 -22"><span class='ocrx_word' id='word_1_62' title='bbox 272 1013 368 1078; x_wconf 87' lang='lat' dir='ltr'>lichin</span> <span class='ocrx_word' id='word_1_63' title='bbox 401 1015 485 1096; x_wconf 79' lang='lat' dir='ltr'>ledig</span> <span class='ocrx_word' id='word_1_64' title='bbox 509 1016 575 1078; x_wconf 89' lang='lat' dir='ltr'>und</span> <span class='ocrx_word' id='word_1_65' title='bbox 600 1016 649 1078; x_wconf 86' lang='lat' dir='ltr'>loz</span> <span class='ocrx_word' id='word_1_66' title='bbox 676 1036 715 1078; x_wconf 82' lang='lat' dir='ltr'>an</span> <span class='ocrx_word' id='word_1_67' title='bbox 742 1015 868 1078; x_wconf 90' lang='lat' dir='ltr'>deseme</span> <span class='ocrx_word' id='word_1_68' title='bbox 896 1015 996 1093; x_wconf 68' lang='lat' dir='ltr'>brive,</span> <span class='ocrx_word' id='word_1_69' title='bbox 1022 1016 1083 1078; x_wconf 92' lang='lat' dir='ltr'>den</span> <span class='ocrx_word' id='word_1_70' title='bbox 1104 1017 1162 1077; x_wconf 86' lang='lat' dir='ltr'>wir</span> <span class='ocrx_word' id='word_1_71' title='bbox 1182 1015 1374 1080; x_wconf 79' lang='lat' dir='ltr'>ondardbir</span> <span class='ocrx_word' id='word_1_72' title='bbox 1395 1015 1489 1098; x_wconf 82' lang='lat' dir='ltr'>gebin</span> <span class='ocrx_word' id='word_1_73' title='bbox 1513 1035 1583 1076; x_wconf 90' lang='lat' dir='ltr'>vor·</span> 
     </span>
     <span class='ocr_line' id='line_1_8' title="bbox 273 1112 1582 1195; baseline 0.002 -22"><span class='ocrx_word' id='word_1_74' title='bbox 273 1112 370 1192; x_wconf 85' lang='lat' dir='ltr'>segelt</span> <span class='ocrx_word' id='word_1_75' title='bbox 408 1114 466 1176; x_wconf 92' lang='lat' dir='ltr'>mit</span> <span class='ocrx_word' id='word_1_76' title='bbox 502 1133 651 1177; x_wconf 90' lang='lat' dir='ltr'>unserme</span> <span class='ocrx_word' id='word_1_77' title='bbox 683 1114 826 1195; x_wconf 81' lang='lat' dir='ltr'>insegele.</span> <span class='ocrx_word' id='word_1_78' title='bbox 878 1112 964 1175; x_wconf 84' lang='lat' dir='ltr'>Nach</span> <span class='ocrx_word' id='word_1_79' title='bbox 998 1112 1107 1176; x_wconf 81' lang='lat' dir='ltr'>Cristis</span> <span class='ocrx_word' id='word_1_80' title='bbox 1141 1112 1282 1195; x_wconf 79' lang='lat' dir='ltr'>gebirrte,</span> <span class='ocrx_word' id='word_1_81' title='bbox 1313 1114 1352 1176; x_wconf 90' lang='lat' dir='ltr'>da</span> <span class='ocrx_word' id='word_1_82' title='bbox 1385 1133 1458 1177; x_wconf 86' lang='lat' dir='ltr'>man</span> <span class='ocrx_word' id='word_1_83' title='bbox 1484 1114 1582 1175; x_wconf 80' lang='lat' dir='ltr'>cralte</span> 
     </span>
     <span class='ocr_line' id='line_1_9' title="bbox 271 1209 1581 1292; baseline 0.002 -22"><span class='ocrx_word' id='word_1_84' title='bbox 271 1209 535 1272; x_wconf 82' lang='lat' dir='ltr'>driezenhundert</span> <span class='ocrx_word' id='word_1_85' title='bbox 577 1231 634 1290; x_wconf 85' lang='lat' dir='ltr'>yar</span> <span class='ocrx_word' id='word_1_86' title='bbox 671 1213 703 1272; x_wconf 92' lang='lat' dir='ltr'>in</span> <span class='ocrx_word' id='word_1_87' title='bbox 740 1211 830 1273; x_wconf 89' lang='lat' dir='ltr'>deme</span> <span class='ocrx_word' id='word_1_88' title='bbox 863 1211 930 1273; x_wconf 92' lang='lat' dir='ltr'>drie</span> <span class='ocrx_word' id='word_1_89' title='bbox 967 1211 1032 1272; x_wconf 90' lang='lat' dir='ltr'>und</span> <span class='ocrx_word' id='word_1_90' title='bbox 1066 1211 1250 1292; x_wconf 77' lang='lat' dir='ltr'>iirczigistin</span> <span class='ocrx_word' id='word_1_91' title='bbox 1289 1230 1378 1291; x_wconf 68' lang='lat' dir='ltr'>prere,</span> <span class='ocrx_word' id='word_1_92' title='bbox 1417 1231 1455 1272; x_wconf 84' lang='lat' dir='ltr'>an</span> <span class='ocrx_word' id='word_1_93' title='bbox 1494 1217 1581 1272; x_wconf 85' lang='lat' dir='ltr'>sente</span> 
     </span>
     <span class='ocr_line' id='line_1_10' title="bbox 270 1307 1041 1392; baseline 0.001 -24"><span class='ocrx_word' id='word_1_94' title='bbox 270 1307 467 1392; x_wconf 87' lang='lat' dir='ltr'>Appolonieu</span> <span class='ocrx_word' id='word_1_95' title='bbox 490 1309 604 1372; x_wconf 86' lang='lat' dir='ltr'>abinde</span> <span class='ocrx_word' id='word_1_96' title='bbox 625 1309 663 1372; x_wconf 87' lang='lat' dir='ltr'>de</span> <span class='ocrx_word' id='word_1_97' title='bbox 685 1309 822 1389; x_wconf 78' lang='lat' dir='ltr'>heyligin</span> <span class='ocrx_word' id='word_1_98' title='bbox 845 1309 1041 1372; x_wconf 81' lang='lat' dir='ltr'>iunclrowin.</span> 
     </span>
    </p>
   </div>
   <div class='ocr_carea' id='block_1_5' title="bbox 273 1544 1579 1646">
    <p class='ocr_par' dir='ltr' id='par_1_5' title="bbox 273 1544 1579 1646">
     <span class='ocr_line' id='line_1_11' title="bbox 273 1544 1579 1646; baseline 0.003 -22"><span class='ocrx_word' id='word_1_99' title='bbox 273 1544 386 1627; x_wconf 78' lang='lat'><strong>1343.</strong></span> <span class='ocrx_word' id='word_1_100' title='bbox 413 1545 541 1646; x_wconf 80' lang='lat' dir='ltr'>April</span> <span class='ocrx_word' id='word_1_101' title='bbox 568 1547 630 1628; x_wconf 74' lang='lat'>23.</span> <span class='ocrx_word' id='word_1_102' title='bbox 1490 1547 1579 1631; x_wconf 74' lang='lat'>232.</span> 
     </span>
    </p>
   </div>
   <div class='ocr_carea' id='block_1_6' title="bbox 296 1711 1582 2188">
    <p class='ocr_par' dir='ltr' id='par_1_6' title="bbox 370 1711 1582 1895">
     <span class='ocr_line' id='line_1_12' title="bbox 370 1711 1582 1808; baseline 0.002 -34"><span class='ocrx_word' id='word_1_103' title='bbox 370 1711 536 1784; x_wconf 77' lang='lat' dir='ltr'>Heinrich,</span> <span class='ocrx_word' id='word_1_104' title='bbox 570 1714 748 1808; x_wconf 64' lang='lat' dir='ltr'>{drabiscbof</span> <span class='ocrx_word' id='word_1_105' title='bbox 782 1735 840 1777; x_wconf 73' lang='lat' dir='ltr'>voro</span> <span class='ocrx_word' id='word_1_106' title='bbox 874 1713 1001 1784; x_wconf 78' lang='lat' dir='ltr'>rllrrioa,</span> <span class='ocrx_word' id='word_1_107' title='bbox 1033 1714 1102 1775; x_wconf 72' lang='lat' dir='ltr'>eard</span> <span class='ocrx_word' id='word_1_108' title='bbox 1132 1713 1190 1776; x_wconf 85' lang='lat' dir='ltr'>dos</span> <span class='ocrx_word' id='word_1_109' title='bbox 1222 1711 1419 1793; x_wconf 71' lang='lat' dir='ltr'>Doartoptur</span> <span class='ocrx_word' id='word_1_110' title='bbox 1449 1713 1582 1776; x_wconf 79' lang='lat' dir='ltr'>(luselbst</span> 
     </span>
     <span class='ocr_line' id='line_1_13' title="bbox 371 1811 1582 1895; baseline 0.002 -23"><span class='ocrx_word' id='word_1_111' title='bbox 371 1811 536 1895; x_wconf 76' lang='lat' dir='ltr'>tiberpeben</span> <span class='ocrx_word' id='word_1_112' title='bbox 570 1816 638 1877; x_wconf 81' lang='lat' dir='ltr'>dem</span> <span class='ocrx_word' id='word_1_113' title='bbox 670 1813 872 1892; x_wconf 70' lang='lat' dir='ltr'>Morienstitl</span> <span class='ocrx_word' id='word_1_114' title='bbox 906 1813 939 1873; x_wconf 83' lang='lat' dir='ltr'>io</span> <span class='ocrx_word' id='word_1_115' title='bbox 973 1811 1092 1891; x_wconf 71' lang='lat' dir='ltr'>Ersbrl</span> <span class='ocrx_word' id='word_1_116' title='bbox 1128 1812 1179 1874; x_wconf 82' lang='lat' dir='ltr'>dic</span> <span class='ocrx_word' id='word_1_117' title='bbox 1210 1812 1382 1892; x_wconf 70' lang='lat' dir='ltr'>brrrrtiillipe</span> <span class='ocrx_word' id='word_1_118' title='bbox 1417 1811 1582 1890; x_wconf 75' lang='lat' dir='ltr'>elreuulipc</span> 
     </span>
    </p>

    <p class='ocr_par' dir='ltr' id='par_1_7' title="bbox 296 1909 1581 2188">
     <span class='ocr_line' id='line_1_14' title="bbox 296 1909 1581 1989; baseline -0.002 -15"><span class='ocrx_word' id='word_1_119' title='bbox 296 1972 299 1974; x_wconf 75' lang='grc'>,</span> <span class='ocrx_word' id='word_1_120' title='bbox 370 1909 612 1989; x_wconf 69' lang='lat' dir='ltr'>erebisebiitlicbe</span> <span class='ocrx_word' id='word_1_121' title='bbox 637 1912 806 1986; x_wconf 68' lang='lat' dir='ltr'>Beudena,</span> <span class='ocrx_word' id='word_1_122' title='bbox 835 1911 894 1972; x_wconf 73' lang='lat' dir='ltr'>uro</span> <span class='ocrx_word' id='word_1_123' title='bbox 920 1913 1108 1989; x_wconf 74' lang='lat' dir='ltr'>superbiente</span> <span class='ocrx_word' id='word_1_124' title='bbox 1134 1910 1275 1972; x_wconf 73' lang='lat' dir='ltr'>druia-rue</span> <span class='ocrx_word' id='word_1_125' title='bbox 1296 1910 1403 1986; x_wconf 80' lang='lat' dir='ltr'>Haeo,</span> <span class='ocrx_word' id='word_1_126' title='bbox 1431 1930 1471 1971; x_wconf 76' lang='lat' dir='ltr'>zu</span> <span class='ocrx_word' id='word_1_127' title='bbox 1492 1913 1581 1972; x_wconf 71' lang='lat' dir='ltr'>rotila-</span> 
     </span>
     <span class='ocr_line' id='line_1_15' title="bbox 373 2006 1580 2089; baseline 0.002 -21"><span class='ocrx_word' id='word_1_128' title='bbox 373 2006 481 2070; x_wconf 79' lang='lat' dir='ltr'>liebem</span> <span class='ocrx_word' id='word_1_129' title='bbox 514 2009 679 2074; x_wconf 83' lang='lat' dir='ltr'>Gebraucb</span> <span class='ocrx_word' id='word_1_130' title='bbox 711 2010 767 2072; x_wconf 73' lang='lat' dir='ltr'>mir</span> <span class='ocrx_word' id='word_1_131' title='bbox 806 2007 966 2070; x_wconf 64' lang='lat' dir='ltr'>Verbere</span> <span class='ocrx_word' id='word_1_132' title='bbox 1002 2008 1055 2070; x_wconf 84' lang='lat' dir='ltr'>des</span> <span class='ocrx_word' id='word_1_133' title='bbox 1099 2007 1395 2088; x_wconf 64' lang='lat' dir='ltr'>ll&#39;obuunpsreclrtes</span> <span class='ocrx_word' id='word_1_134' title='bbox 1429 2009 1486 2089; x_wconf 72' lang='lat' dir='ltr'>sair</span> <span class='ocrx_word' id='word_1_135' title='bbox 1519 2009 1580 2070; x_wconf 84' lang='lat' dir='ltr'>den</span> 
     </span>
     <span class='ocr_line' id='line_1_16' title="bbox 370 2103 883 2188; baseline 0.006 -22"><span class='ocrx_word' id='word_1_136' title='bbox 370 2103 556 2188; x_wconf 69' lang='lat' dir='ltr'>Erebiscbef</span> <span class='ocrx_word' id='word_1_137' title='bbox 569 2108 639 2170; x_wconf 77' lang='lat' dir='ltr'>urrd</span> <span class='ocrx_word' id='word_1_138' title='bbox 657 2108 723 2170; x_wconf 79' lang='lat' dir='ltr'>seia</span> <span class='ocrx_word' id='word_1_139' title='bbox 747 2105 883 2188; x_wconf 71' lang='lat' dir='ltr'>Getblpe.</span> 
     </span>
    </p>
   </div>
   <div class='ocr_carea' id='block_1_7' title="bbox 422 2244 730 2304">
    <p class='ocr_par' dir='ltr' id='par_1_8' title="bbox 422 2244 730 2304">
     <span class='ocr_line' id='line_1_17' title="bbox 422 2244 730 2304; baseline 0.026 -8"><span class='ocrx_word' id='word_1_140' title='bbox 422 2244 730 2304; x_wconf 58' lang='lat' dir='ltr'>cameasenus</span> 
     </span>
    </p>
   </div>
   <div class='ocr_carea' id='block_1_8' title="bbox 267 2369 1580 4612">
    <p class='ocr_par' dir='ltr' id='par_1_9' title="bbox 267 2369 1580 4612">
     <span class='ocr_line' id='line_1_18' title="bbox 349 2369 1580 2458; baseline 0.002 -25"><span class='ocrx_word' id='word_1_141' title='bbox 349 2369 538 2451; x_wconf 77' lang='lat' dir='ltr'>Heinricus,</span> <span class='ocrx_word' id='word_1_142' title='bbox 574 2372 632 2436; x_wconf 89' lang='lat' dir='ltr'>Dei</span> <span class='ocrx_word' id='word_1_143' title='bbox 670 2376 772 2456; x_wconf 82' lang='lat' dir='ltr'>gratie</span> <span class='ocrx_word' id='word_1_144' title='bbox 807 2395 830 2437; x_wconf 76' lang='lat' dir='ltr'>s</span> <span class='ocrx_word' id='word_1_145' title='bbox 858 2372 1045 2455; x_wconf 84' lang='lat' dir='ltr'>Mogontiue</span> <span class='ocrx_word' id='word_1_146' title='bbox 1078 2372 1161 2436; x_wconf 88' lang='lat' dir='ltr'>sedis</span> <span class='ocrx_word' id='word_1_147' title='bbox 1194 2374 1462 2458; x_wconf 71' lang='lat' dir='ltr'>archiepiscopus,</span> <span class='ocrx_word' id='word_1_148' title='bbox 1499 2376 1580 2438; x_wconf 87' lang='lat' dir='ltr'>sacri</span> 
     </span>
     <span class='ocr_line' id='line_1_19' title="bbox 269 2468 1580 2554; baseline 0.005 -26"><span class='ocrx_word' id='word_1_149' title='bbox 269 2468 393 2550; x_wconf 91' lang='lat' dir='ltr'>imperii</span> <span class='ocrx_word' id='word_1_150' title='bbox 413 2488 469 2552; x_wconf 91' lang='lat' dir='ltr'>per</span> <span class='ocrx_word' id='word_1_151' title='bbox 484 2470 684 2534; x_wconf 74' lang='lat' dir='ltr'><strong>Germaniam</strong></span> <span class='ocrx_word' id='word_1_152' title='bbox 700 2471 1004 2548; x_wconf 77' lang='lat' dir='ltr'>archicancellarius,</span> <span class='ocrx_word' id='word_1_153' title='bbox 1027 2469 1185 2534; x_wconf 86' lang='lat' dir='ltr'>Iohannes</span> <span class='ocrx_word' id='word_1_154' title='bbox 1199 2470 1307 2534; x_wconf 87' lang='lat' dir='ltr'>eadem</span> <span class='ocrx_word' id='word_1_155' title='bbox 1324 2474 1425 2554; x_wconf 77' lang='lat' dir='ltr'>gratia</span> <span class='ocrx_word' id='word_1_156' title='bbox 1440 2473 1580 2535; x_wconf 82' lang='lat' dir='ltr'>decanus</span> 
     </span>
     <span class='ocr_line' id='line_1_20' title="bbox 269 2568 1580 2652; baseline 0.005 -25"><span class='ocrx_word' id='word_1_157' title='bbox 269 2569 435 2648; x_wconf 85' lang='lat' dir='ltr'>totumque</span> <span class='ocrx_word' id='word_1_158' title='bbox 462 2568 637 2651; x_wconf 82' lang='lat' dir='ltr'>capitulum</span> <span class='ocrx_word' id='word_1_159' title='bbox 665 2570 794 2633; x_wconf 78' lang='lat' dir='ltr'>ecclesie</span> <span class='ocrx_word' id='word_1_160' title='bbox 815 2569 1002 2652; x_wconf 85' lang='lat' dir='ltr'>Moguntine</span> <span class='ocrx_word' id='word_1_161' title='bbox 1023 2568 1271 2648; x_wconf 80' lang='lat' dir='ltr'>considerantes,</span> <span class='ocrx_word' id='word_1_162' title='bbox 1302 2578 1420 2652; x_wconf 76' lang='lat' dir='ltr'>querna</span> <span class='ocrx_word' id='word_1_163' title='bbox 1440 2571 1580 2652; x_wconf 85' lang='lat' dir='ltr'>pericula</span> 
     </span>
     <span class='ocr_line' id='line_1_21' title="bbox 269 2664 1580 2747; baseline 0.004 -22"><span class='ocrx_word' id='word_1_164' title='bbox 269 2664 375 2746; x_wconf 88' lang='lat' dir='ltr'>sepius</span> <span class='ocrx_word' id='word_1_165' title='bbox 396 2665 669 2746; x_wconf 80' lang='lat' dir='ltr'>predecessoribus</span> <span class='ocrx_word' id='word_1_166' title='bbox 692 2668 807 2729; x_wconf 88' lang='lat' dir='ltr'>nostris</span> <span class='ocrx_word' id='word_1_167' title='bbox 833 2674 864 2728; x_wconf 89' lang='lat' dir='ltr'>et</span> <span class='ocrx_word' id='word_1_168' title='bbox 883 2665 1013 2728; x_wconf 84' lang='lat' dir='ltr'>ecclesie</span> <span class='ocrx_word' id='word_1_169' title='bbox 1036 2671 1141 2726; x_wconf 87' lang='lat' dir='ltr'>nostre</span> <span class='ocrx_word' id='word_1_170' title='bbox 1162 2665 1306 2747; x_wconf 76' lang='lat' dir='ltr'>predicte,</span> <span class='ocrx_word' id='word_1_171' title='bbox 1328 2673 1362 2728; x_wconf 90' lang='lat' dir='ltr'>ut</span> <span class='ocrx_word' id='word_1_172' title='bbox 1383 2686 1422 2729; x_wconf 78' lang='lat' dir='ltr'>ea</span> <span class='ocrx_word' id='word_1_173' title='bbox 1444 2676 1527 2730; x_wconf 83' lang='lat' dir='ltr'>certa</span> <span class='ocrx_word' id='word_1_174' title='bbox 1549 2675 1580 2730; x_wconf 91' lang='lat' dir='ltr'>et</span> 
     </span>
     <span class='ocr_line' id='line_1_22' title="bbox 268 2761 1579 2837; baseline 0.004 -15"><span class='ocrx_word' id='word_1_175' title='bbox 268 2761 405 2824; x_wconf 86' lang='lat' dir='ltr'>veridica</span> <span class='ocrx_word' id='word_1_176' title='bbox 426 2763 576 2827; x_wconf 85' lang='lat' dir='ltr'>relatione</span> <span class='ocrx_word' id='word_1_177' title='bbox 597 2763 778 2837; x_wconf 74' lang='lat' dir='ltr'>didicimus,</span> <span class='ocrx_word' id='word_1_178' title='bbox 806 2765 968 2825; x_wconf 86' lang='lat' dir='ltr'>evenerint</span> <span class='ocrx_word' id='word_1_179' title='bbox 996 2763 1027 2823; x_wconf 95' lang='lat' dir='ltr'>in</span> <span class='ocrx_word' id='word_1_180' title='bbox 1057 2761 1272 2826; x_wconf 78' lang='lat' dir='ltr'>devastatione</span> <span class='ocrx_word' id='word_1_181' title='bbox 1298 2771 1329 2826; x_wconf 88' lang='lat' dir='ltr'>et</span> <span class='ocrx_word' id='word_1_182' title='bbox 1349 2766 1527 2827; x_wconf 87' lang='lat' dir='ltr'>ruinotione</span> <span class='ocrx_word' id='word_1_183' title='bbox 1549 2773 1579 2828; x_wconf 91' lang='lat' dir='ltr'>et</span> 
     </span>
     <span class='ocr_line' id='line_1_23' title="bbox 268 2859 1579 2944; baseline 0.005 -25"><span class='ocrx_word' id='word_1_184' title='bbox 268 2859 430 2922; x_wconf 86' lang='lat' dir='ltr'>collisione</span> <span class='ocrx_word' id='word_1_185' title='bbox 456 2859 569 2924; x_wconf 89' lang='lat' dir='ltr'>domus</span> <span class='ocrx_word' id='word_1_186' title='bbox 596 2869 627 2924; x_wconf 91' lang='lat' dir='ltr'>et</span> <span class='ocrx_word' id='word_1_187' title='bbox 656 2862 742 2924; x_wconf 85' lang='lat' dir='ltr'>curie</span> <span class='ocrx_word' id='word_1_188' title='bbox 769 2862 849 2924; x_wconf 86' lang='lat' dir='ltr'>dicte</span> <span class='ocrx_word' id='word_1_189' title='bbox 870 2859 928 2922; x_wconf 81' lang='lat' dir='ltr'>daz</span> <span class='ocrx_word' id='word_1_190' title='bbox 956 2859 1182 2936; x_wconf 78' lang='lat' dir='ltr'>Crummehoz,</span> <span class='ocrx_word' id='word_1_191' title='bbox 1212 2862 1269 2924; x_wconf 89' lang='lat' dir='ltr'>site</span> <span class='ocrx_word' id='word_1_192' title='bbox 1297 2862 1331 2923; x_wconf 92' lang='lat' dir='ltr'>in</span> <span class='ocrx_word' id='word_1_193' title='bbox 1359 2863 1451 2944; x_wconf 90' lang='lat' dir='ltr'>opido</span> <span class='ocrx_word' id='word_1_194' title='bbox 1473 2867 1579 2925; x_wconf 85' lang='lat' dir='ltr'>nostro</span> 
     </span>
     <span class='ocr_line' id='line_1_24' title="bbox 268 2955 1579 3041; baseline 0.004 -24"><span class='ocrx_word' id='word_1_195' title='bbox 268 2955 463 3035; x_wconf 83' lang='lat' dir='ltr'>Eriordensi,</span> <span class='ocrx_word' id='word_1_196' title='bbox 491 2959 529 3021; x_wconf 92' lang='lat' dir='ltr'>ad</span> <span class='ocrx_word' id='word_1_197' title='bbox 557 2979 615 3022; x_wconf 88' lang='lat' dir='ltr'>nos</span> <span class='ocrx_word' id='word_1_198' title='bbox 637 2967 667 3022; x_wconf 91' lang='lat' dir='ltr'>et</span> <span class='ocrx_word' id='word_1_199' title='bbox 687 2959 851 3021; x_wconf 82' lang='lat' dir='ltr'>eeclesiam</span> <span class='ocrx_word' id='word_1_200' title='bbox 871 2963 1009 3020; x_wconf 79' lang='lat' dir='ltr'>nostram</span> <span class='ocrx_word' id='word_1_201' title='bbox 1033 2957 1125 3040; x_wconf 90' lang='lat' dir='ltr'>pleno</span> <span class='ocrx_word' id='word_1_202' title='bbox 1147 2960 1216 3020; x_wconf 91' lang='lat' dir='ltr'>iure</span> <span class='ocrx_word' id='word_1_203' title='bbox 1236 2959 1477 3040; x_wconf 66' lang='lat' dir='ltr'>pertinentibus</span> <span class='ocrx_word' id='word_1_204' title='bbox 1500 2980 1579 3041; x_wconf 87' lang='lat' dir='ltr'>ques</span> 
     </span>
     <span class='ocr_line' id='line_1_25' title="bbox 268 3053 1579 3136; baseline 0.003 -20"><span class='ocrx_word' id='word_1_205' title='bbox 268 3055 422 3116; x_wconf 85' lang='lat' dir='ltr'>inhabitat</span> <span class='ocrx_word' id='word_1_206' title='bbox 450 3057 642 3120; x_wconf 85' lang='lat' dir='ltr'>honorabilis</span> <span class='ocrx_word' id='word_1_207' title='bbox 668 3057 718 3119; x_wconf 84' lang='lat' dir='ltr'>vir</span> <span class='ocrx_word' id='word_1_208' title='bbox 745 3056 902 3136; x_wconf 68' lang='lat' dir='ltr'>Spdiridus</span> <span class='ocrx_word' id='word_1_209' title='bbox 929 3055 967 3117; x_wconf 88' lang='lat' dir='ltr'>de</span> <span class='ocrx_word' id='word_1_210' title='bbox 993 3053 1109 3134; x_wconf 78' lang='lat' dir='ltr'>Hodie,</span> <span class='ocrx_word' id='word_1_211' title='bbox 1136 3063 1243 3117; x_wconf 86' lang='lat' dir='ltr'>cantor</span> <span class='ocrx_word' id='word_1_212' title='bbox 1275 3057 1404 3118; x_wconf 86' lang='lat' dir='ltr'>ecclesie</span> <span class='ocrx_word' id='word_1_213' title='bbox 1432 3077 1453 3118; x_wconf 88' lang='lat' dir='ltr'>s.</span> <span class='ocrx_word' id='word_1_214' title='bbox 1481 3056 1579 3121; x_wconf 86' lang='lat' dir='ltr'>Mario</span> 
     </span>
     <span class='ocr_line' id='line_1_26' title="bbox 269 3151 1579 3236; baseline 0.004 -23"><span class='ocrx_word' id='word_1_215' title='bbox 269 3151 476 3230; x_wconf 71' lang='lat' dir='ltr'>Ertordensis</span> <span class='ocrx_word' id='word_1_216' title='bbox 498 3160 529 3216; x_wconf 90' lang='lat' dir='ltr'>et</span> <span class='ocrx_word' id='word_1_217' title='bbox 555 3155 732 3217; x_wconf 82' lang='lat' dir='ltr'>inhabitare</span> <span class='ocrx_word' id='word_1_218' title='bbox 753 3153 878 3216; x_wconf 87' lang='lat' dir='ltr'>debebit</span> <span class='ocrx_word' id='word_1_219' title='bbox 898 3153 935 3214; x_wconf 87' lang='lat' dir='ltr'>ad</span> <span class='ocrx_word' id='word_1_220' title='bbox 959 3173 1016 3216; x_wconf 88' lang='lat' dir='ltr'>sue</span> <span class='ocrx_word' id='word_1_221' title='bbox 1037 3157 1177 3235; x_wconf 89' lang='lat' dir='ltr'>tempora</span> <span class='ocrx_word' id='word_1_222' title='bbox 1199 3155 1277 3232; x_wconf 78' lang='lat' dir='ltr'>vite,</span> <span class='ocrx_word' id='word_1_223' title='bbox 1300 3153 1449 3236; x_wconf 88' lang='lat' dir='ltr'>quodque</span> <span class='ocrx_word' id='word_1_224' title='bbox 1471 3157 1579 3218; x_wconf 87' lang='lat' dir='ltr'>verisi-</span> 
     </span>
     <span class='ocr_line' id='line_1_27' title="bbox 268 3249 1580 3327; baseline 0.003 -16"><span class='ocrx_word' id='word_1_225' title='bbox 268 3249 385 3312; x_wconf 89' lang='lat' dir='ltr'>militer</span> <span class='ocrx_word' id='word_1_226' title='bbox 421 3250 642 3327; x_wconf 74' lang='lat' dir='ltr'>formidamuS,</span> <span class='ocrx_word' id='word_1_227' title='bbox 679 3253 762 3314; x_wconf 87' lang='lat' dir='ltr'>dieta</span> <span class='ocrx_word' id='word_1_228' title='bbox 793 3251 943 3314; x_wconf 82' lang='lat' dir='ltr'>habitatio</span> <span class='ocrx_word' id='word_1_229' title='bbox 982 3253 1050 3313; x_wconf 90' lang='lat' dir='ltr'>sine</span> <span class='ocrx_word' id='word_1_230' title='bbox 1084 3251 1257 3313; x_wconf 86' lang='lat' dir='ltr'>habitatore</span> <span class='ocrx_word' id='word_1_231' title='bbox 1292 3259 1464 3326; x_wconf 76' lang='lat' dir='ltr'>remaneat,</span> <span class='ocrx_word' id='word_1_232' title='bbox 1495 3253 1580 3316; x_wconf 88' lang='lat' dir='ltr'>unde</span> 
     </span>
     <span class='ocr_line' id='line_1_28' title="bbox 269 3348 1578 3431; baseline 0.003 -23"><span class='ocrx_word' id='word_1_233' title='bbox 269 3348 407 3420; x_wconf 84' lang='lat' dir='ltr'>timetur,</span> <span class='ocrx_word' id='word_1_234' title='bbox 421 3350 488 3430; x_wconf 88' lang='lat' dir='ltr'>ipsa</span> <span class='ocrx_word' id='word_1_235' title='bbox 499 3349 621 3411; x_wconf 87' lang='lat' dir='ltr'>edificia</span> <span class='ocrx_word' id='word_1_236' title='bbox 631 3352 756 3411; x_wconf 86' lang='lat' dir='ltr'>ruinam</span> <span class='ocrx_word' id='word_1_237' title='bbox 770 3351 939 3424; x_wconf 79' lang='lat' dir='ltr'>minatum,</span> <span class='ocrx_word' id='word_1_238' title='bbox 953 3369 1026 3411; x_wconf 87' lang='lat' dir='ltr'>curn</span> <span class='ocrx_word' id='word_1_239' title='bbox 1039 3369 1101 3411; x_wconf 92' lang='lat' dir='ltr'>non</span> <span class='ocrx_word' id='word_1_240' title='bbox 1116 3355 1207 3426; x_wconf 75' lang='lat' dir='ltr'>esset,</span> <span class='ocrx_word' id='word_1_241' title='bbox 1219 3349 1273 3431; x_wconf 92' lang='lat' dir='ltr'>qui</span> <span class='ocrx_word' id='word_1_242' title='bbox 1288 3349 1364 3430; x_wconf 88' lang='lat' dir='ltr'>ipsis</span> <span class='ocrx_word' id='word_1_243' title='bbox 1377 3351 1410 3411; x_wconf 92' lang='lat' dir='ltr'>in</span> <span class='ocrx_word' id='word_1_244' title='bbox 1430 3349 1578 3412; x_wconf 84' lang='lat' dir='ltr'>reforme-</span> 
     </span>
     <span class='ocr_line' id='line_1_29' title="bbox 267 3431 1580 3526; baseline 0.002 -20"><span class='ocrx_word' id='word_1_245' title='bbox 267 3444 428 3522; x_wconf 70' lang='lat' dir='ltr'>cionibus,</span> <span class='ocrx_word' id='word_1_246' title='bbox 449 3447 742 3510; x_wconf 86' lang='lat' dir='ltr'>conservatiouibus</span> <span class='ocrx_word' id='word_1_247' title='bbox 768 3454 800 3510; x_wconf 93' lang='lat' dir='ltr'>et</span> <span class='ocrx_word' id='word_1_248' title='bbox 822 3431 1097 3510; x_wconf 74' lang='lat' dir='ltr'>enrdndationibus</span> <span class='ocrx_word' id='word_1_249' title='bbox 1110 3445 1223 3508; x_wconf 87' lang='lat' dir='ltr'>debitis</span> <span class='ocrx_word' id='word_1_250' title='bbox 1242 3453 1272 3508; x_wconf 90' lang='lat' dir='ltr'>et</span> <span class='ocrx_word' id='word_1_251' title='bbox 1293 3448 1487 3526; x_wconf 79' lang='lat' dir='ltr'>necessariis,</span> <span class='ocrx_word' id='word_1_252' title='bbox 1498 3449 1580 3510; x_wconf 91' lang='lat' dir='ltr'>sicut</span> 
     </span>
     <span class='ocr_line' id='line_1_30' title="bbox 267 3543 1579 3628; baseline 0.003 -26"><span class='ocrx_word' id='word_1_253' title='bbox 267 3543 312 3603; x_wconf 89' lang='lat' dir='ltr'>rei</span> <span class='ocrx_word' id='word_1_254' title='bbox 324 3543 478 3606; x_wconf 89' lang='lat' dir='ltr'>evidentis</span> <span class='ocrx_word' id='word_1_255' title='bbox 490 3545 548 3607; x_wconf 89' lang='lat' dir='ltr'>hoe</span> <span class='ocrx_word' id='word_1_256' title='bbox 562 3546 707 3608; x_wconf 85' lang='lat' dir='ltr'>evenisse</span> <span class='ocrx_word' id='word_1_257' title='bbox 719 3546 852 3614; x_wconf 75' lang='lat' dir='ltr'>edocuit,</span> <span class='ocrx_word' id='word_1_258' title='bbox 865 3564 1005 3627; x_wconf 85' lang='lat' dir='ltr'>congrue</span> <span class='ocrx_word' id='word_1_259' title='bbox 1015 3544 1201 3628; x_wconf 77' lang='lat' dir='ltr'>provideret,</span> <span class='ocrx_word' id='word_1_260' title='bbox 1214 3545 1373 3626; x_wconf 83' lang='lat' dir='ltr'>pensando</span> <span class='ocrx_word' id='word_1_261' title='bbox 1388 3547 1489 3624; x_wconf 77' lang='lat' dir='ltr'>etiam,</span> <span class='ocrx_word' id='word_1_262' title='bbox 1502 3551 1579 3628; x_wconf 88' lang='lat' dir='ltr'>quot</span> 
     </span>
     <span class='ocr_line' id='line_1_31' title="bbox 267 3627 1578 3724; baseline 0.001 -22"><span class='ocrx_word' id='word_1_263' title='bbox 267 3646 299 3703; x_wconf 92' lang='lat' dir='ltr'>et</span> <span class='ocrx_word' id='word_1_264' title='bbox 320 3647 439 3722; x_wconf 80' lang='lat' dir='ltr'>quanta</span> <span class='ocrx_word' id='word_1_265' title='bbox 459 3641 571 3724; x_wconf 88' lang='lat' dir='ltr'>prelati</span> <span class='ocrx_word' id='word_1_266' title='bbox 592 3648 622 3705; x_wconf 93' lang='lat' dir='ltr'>et</span> <span class='ocrx_word' id='word_1_267' title='bbox 643 3644 786 3706; x_wconf 84' lang='lat' dir='ltr'>canonici</span> <span class='ocrx_word' id='word_1_268' title='bbox 807 3642 937 3706; x_wconf 86' lang='lat' dir='ltr'>ecclesie</span> <span class='ocrx_word' id='word_1_269' title='bbox 959 3663 981 3704; x_wconf 92' lang='lat' dir='ltr'>s.</span> <span class='ocrx_word' id='word_1_270' title='bbox 994 3640 1092 3704; x_wconf 12' lang='lat' dir='ltr'>Mariae</span> <span class='ocrx_word' id='word_1_271' title='bbox 1108 3641 1305 3703; x_wconf 78' lang='lat' dir='ltr'>Erlordensis</span> <span class='ocrx_word' id='word_1_272' title='bbox 1320 3627 1455 3724; x_wconf 77' lang='lat' dir='ltr'>predicte</span> <span class='ocrx_word' id='word_1_273' title='bbox 1476 3641 1578 3720; x_wconf 84' lang='lat' dir='ltr'>nobis,</span> 
     </span>
     <span class='ocr_line' id='line_1_32' title="bbox 268 3737 1577 3822; baseline 0.002 -23"><span class='ocrx_word' id='word_1_274' title='bbox 268 3737 397 3801; x_wconf 86' lang='lat' dir='ltr'>ecclesie</span> <span class='ocrx_word' id='word_1_275' title='bbox 419 3746 524 3801; x_wconf 86' lang='lat' dir='ltr'>nostre</span> <span class='ocrx_word' id='word_1_276' title='bbox 545 3747 575 3802; x_wconf 92' lang='lat' dir='ltr'>et</span> <span class='ocrx_word' id='word_1_277' title='bbox 597 3741 869 3822; x_wconf 87' lang='lat' dir='ltr'>predecessoribus</span> <span class='ocrx_word' id='word_1_278' title='bbox 890 3740 1007 3803; x_wconf 87' lang='lat' dir='ltr'>nostris</span> <span class='ocrx_word' id='word_1_279' title='bbox 1028 3739 1242 3822; x_wconf 88' lang='lat' dir='ltr'>inpenderunt</span> <span class='ocrx_word' id='word_1_280' title='bbox 1263 3739 1395 3801; x_wconf 82' lang='lat' dir='ltr'>servicia</span> <span class='ocrx_word' id='word_1_281' title='bbox 1416 3746 1446 3801; x_wconf 92' lang='lat' dir='ltr'>et</span> <span class='ocrx_word' id='word_1_282' title='bbox 1466 3740 1577 3822; x_wconf 91' lang='lat' dir='ltr'>inpen-</span> 
     </span>
     <span class='ocr_line' id='line_1_33' title="bbox 268 3835 1576 3920; baseline 0.005 -24"><span class='ocrx_word' id='word_1_283' title='bbox 268 3835 341 3898; x_wconf 87' lang='lat' dir='ltr'>dere</span> <span class='ocrx_word' id='word_1_284' title='bbox 362 3843 511 3919; x_wconf 88' lang='lat' dir='ltr'>poterunt</span> <span class='ocrx_word' id='word_1_285' title='bbox 532 3838 621 3900; x_wconf 83' lang='lat' dir='ltr'>utilia</span> <span class='ocrx_word' id='word_1_286' title='bbox 647 3840 679 3900; x_wconf 89' lang='lat' dir='ltr'>in</span> <span class='ocrx_word' id='word_1_287' title='bbox 707 3839 865 3915; x_wconf 76' lang='lat' dir='ltr'>futurum,</span> <span class='ocrx_word' id='word_1_288' title='bbox 892 3857 990 3920; x_wconf 76' lang='lat' dir='ltr'>errare</span> <span class='ocrx_word' id='word_1_289' title='bbox 1021 3839 1189 3900; x_wconf 89' lang='lat' dir='ltr'>nostriset</span> <span class='ocrx_word' id='word_1_290' title='bbox 1215 3837 1343 3900; x_wconf 86' lang='lat' dir='ltr'>ecclesie</span> <span class='ocrx_word' id='word_1_291' title='bbox 1364 3844 1471 3900; x_wconf 88' lang='lat' dir='ltr'>nostre</span> <span class='ocrx_word' id='word_1_292' title='bbox 1492 3838 1576 3902; x_wconf 89' lang='lat' dir='ltr'>utili-</span> 
     </span>
     <span class='ocr_line' id='line_1_34' title="bbox 267 3931 1577 4018; baseline 0.005 -26"><span class='ocrx_word' id='word_1_293' title='bbox 267 3931 385 3995; x_wconf 80' lang='lat' dir='ltr'>tatibus</span> <span class='ocrx_word' id='word_1_294' title='bbox 401 3941 432 3995; x_wconf 90' lang='lat' dir='ltr'>et</span> <span class='ocrx_word' id='word_1_295' title='bbox 442 3935 683 3999; x_wconf 80' lang='lat' dir='ltr'>necessitatibus</span> <span class='ocrx_word' id='word_1_296' title='bbox 699 3937 863 4018; x_wconf 86' lang='lat' dir='ltr'>providere</span> <span class='ocrx_word' id='word_1_297' title='bbox 879 3938 1050 4018; x_wconf 70' lang='lat' dir='ltr'>cupientes</span> <span class='ocrx_word' id='word_1_298' title='bbox 1061 3934 1203 4016; x_wconf 87' lang='lat' dir='ltr'>diligenti</span> <span class='ocrx_word' id='word_1_299' title='bbox 1215 3955 1250 3996; x_wconf 85' lang='lat' dir='ltr'>ac</span> <span class='ocrx_word' id='word_1_300' title='bbox 1266 3934 1430 4017; x_wconf 87' lang='lat' dir='ltr'>sollempni</span> <span class='ocrx_word' id='word_1_301' title='bbox 1442 3941 1577 3998; x_wconf 88' lang='lat' dir='ltr'>tractatu</span> 
     </span>
     <span class='ocr_line' id='line_1_35' title="bbox 267 4030 1577 4116; baseline 0.005 -26"><span class='ocrx_word' id='word_1_302' title='bbox 267 4030 428 4093; x_wconf 88' lang='lat' dir='ltr'>internos</span> <span class='ocrx_word' id='word_1_303' title='bbox 450 4038 479 4093; x_wconf 92' lang='lat' dir='ltr'>et</span> <span class='ocrx_word' id='word_1_304' title='bbox 502 4039 626 4096; x_wconf 85' lang='lat' dir='ltr'>matura</span> <span class='ocrx_word' id='word_1_305' title='bbox 640 4033 865 4096; x_wconf 78' lang='lat' dir='ltr'>deliberatione</span> <span class='ocrx_word' id='word_1_306' title='bbox 882 4031 1062 4116; x_wconf 74' lang='lat' dir='ltr'>probabitis,</span> <span class='ocrx_word' id='word_1_307' title='bbox 1084 4033 1217 4114; x_wconf 86' lang='lat' dir='ltr'>prelatos</span> <span class='ocrx_word' id='word_1_308' title='bbox 1236 4032 1380 4114; x_wconf 71' lang='lat' dir='ltr'>prelatos</span> <span class='ocrx_word' id='word_1_309' title='bbox 1408 4035 1577 4096; x_wconf 83' lang='lat' dir='ltr'>canonicos</span> 
     </span>
     <span class='ocr_line' id='line_1_36' title="bbox 268 4129 1576 4214; baseline 0.004 -27"><span class='ocrx_word' id='word_1_310' title='bbox 268 4133 299 4188; x_wconf 86' lang='lat' dir='ltr'>et</span> <span class='ocrx_word' id='word_1_311' title='bbox 321 4145 431 4190; x_wconf 89' lang='lat' dir='ltr'>eorum</span> <span class='ocrx_word' id='word_1_312' title='bbox 453 4130 630 4210; x_wconf 77' lang='lat' dir='ltr'>eeclesiam,</span> <span class='ocrx_word' id='word_1_313' title='bbox 652 4132 789 4214; x_wconf 86' lang='lat' dir='ltr'>quadam</span> <span class='ocrx_word' id='word_1_314' title='bbox 811 4132 1008 4213; x_wconf 77' lang='lat' dir='ltr'>prerogativa</span> <span class='ocrx_word' id='word_1_315' title='bbox 1029 4130 1178 4192; x_wconf 83' lang='lat' dir='ltr'>extollere</span> <span class='ocrx_word' id='word_1_316' title='bbox 1198 4129 1369 4212; x_wconf 69' lang='lat' dir='ltr'>cupientes</span> <span class='ocrx_word' id='word_1_317' title='bbox 1391 4131 1468 4211; x_wconf 91' lang='lat' dir='ltr'>ipsis</span> <span class='ocrx_word' id='word_1_318' title='bbox 1489 4129 1576 4193; x_wconf 83' lang='lat' dir='ltr'>habi·</span> 
     </span>
     <span class='ocr_line' id='line_1_37' title="bbox 270 4226 1576 4310; baseline 0.005 -25"><span class='ocrx_word' id='word_1_319' title='bbox 270 4226 420 4287; x_wconf 82' lang='lat' dir='ltr'>tationem</span> <span class='ocrx_word' id='word_1_320' title='bbox 444 4227 558 4290; x_wconf 90' lang='lat' dir='ltr'>domus</span> <span class='ocrx_word' id='word_1_321' title='bbox 579 4237 609 4291; x_wconf 88' lang='lat' dir='ltr'>et</span> <span class='ocrx_word' id='word_1_322' title='bbox 630 4231 717 4292; x_wconf 83' lang='lat' dir='ltr'>cone</span> <span class='ocrx_word' id='word_1_323' title='bbox 738 4228 819 4291; x_wconf 86' lang='lat' dir='ltr'>dicte</span> <span class='ocrx_word' id='word_1_324' title='bbox 831 4227 1044 4298; x_wconf 83' lang='lat' dir='ltr'>Crummehuz</span> <span class='ocrx_word' id='word_1_325' title='bbox 1066 4247 1139 4290; x_wconf 77' lang='lat' dir='ltr'>erim</span> <span class='ocrx_word' id='word_1_326' title='bbox 1159 4230 1225 4290; x_wconf 85' lang='lat' dir='ltr'>suis</span> <span class='ocrx_word' id='word_1_327' title='bbox 1238 4229 1461 4306; x_wconf 74' lang='lat' dir='ltr'>adiacentibus</span> <span class='ocrx_word' id='word_1_328' title='bbox 1483 4237 1576 4310; x_wconf 90' lang='lat' dir='ltr'>prout</span> 
     </span>
     <span class='ocr_line' id='line_1_38' title="bbox 269 4322 1576 4409; baseline 0.005 -27"><span class='ocrx_word' id='word_1_329' title='bbox 269 4322 409 4404; x_wconf 84' lang='lat' dir='ltr'>prefatus</span> <span class='ocrx_word' id='word_1_330' title='bbox 422 4322 577 4403; x_wconf 84' lang='lat' dir='ltr'>Syffn&#39;dus</span> <span class='ocrx_word' id='word_1_331' title='bbox 588 4332 697 4389; x_wconf 86' lang='lat' dir='ltr'>centor</span> <span class='ocrx_word' id='word_1_332' title='bbox 708 4326 853 4409; x_wconf 70' lang='lat' dir='ltr'>possidet,</span> <span class='ocrx_word' id='word_1_333' title='bbox 865 4327 1084 4388; x_wconf 86' lang='lat' dir='ltr'>commisimus</span> <span class='ocrx_word' id='word_1_334' title='bbox 1096 4331 1125 4388; x_wconf 88' lang='lat' dir='ltr'>et</span> <span class='ocrx_word' id='word_1_335' title='bbox 1135 4325 1334 4407; x_wconf 88' lang='lat' dir='ltr'>presentibus</span> <span class='ocrx_word' id='word_1_336' title='bbox 1348 4327 1576 4389; x_wconf 83' lang='lat' dir='ltr'>committimus</span> 
     </span>
     <span class='ocr_line' id='line_1_39' title="bbox 267 4419 1576 4508; baseline 0.004 -26"><span class='ocrx_word' id='word_1_337' title='bbox 267 4419 437 4484; x_wconf 80' lang='lat' dir='ltr'>tenendam</span> <span class='ocrx_word' id='word_1_338' title='bbox 464 4428 496 4484; x_wconf 86' lang='lat' dir='ltr'>et</span> <span class='ocrx_word' id='word_1_339' title='bbox 524 4423 764 4502; x_wconf 80' lang='lat' dir='ltr'>gubemandam</span> <span class='ocrx_word' id='word_1_340' title='bbox 793 4444 829 4486; x_wconf 85' lang='lat' dir='ltr'>eo</span> <span class='ocrx_word' id='word_1_341' title='bbox 850 4424 1113 4496; x_wconf 76' lang='lat' dir='ltr'>conservandam,</span> <span class='ocrx_word' id='word_1_342' title='bbox 1144 4431 1174 4486; x_wconf 89' lang='lat' dir='ltr'>et</span> <span class='ocrx_word' id='word_1_343' title='bbox 1204 4425 1237 4486; x_wconf 87' lang='lat' dir='ltr'>in</span> <span class='ocrx_word' id='word_1_344' title='bbox 1269 4425 1352 4508; x_wconf 89' lang='lat' dir='ltr'>ipsos</span> <span class='ocrx_word' id='word_1_345' title='bbox 1380 4423 1514 4506; x_wconf 87' lang='lat' dir='ltr'>prelatos</span> <span class='ocrx_word' id='word_1_346' title='bbox 1545 4433 1576 4487; x_wconf 88' lang='lat' dir='ltr'>et</span> 
     </span>
     <span class='ocr_line' id='line_1_40' title="bbox 269 4518 1574 4612; baseline 0.004 -29"><span class='ocrx_word' id='word_1_347' title='bbox 269 4518 438 4583; x_wconf 75' lang='lat' dir='ltr'>canonicos</span> <span class='ocrx_word' id='word_1_348' title='bbox 459 4539 580 4584; x_wconf 88' lang='lat' dir='ltr'>necnon</span> <span class='ocrx_word' id='word_1_349' title='bbox 598 4541 709 4589; x_wconf 89' lang='lat' dir='ltr'>eorum</span> <span class='ocrx_word' id='word_1_350' title='bbox 729 4521 893 4586; x_wconf 84' lang='lat' dir='ltr'>ecelesiam</span> <span class='ocrx_word' id='word_1_351' title='bbox 914 4523 1033 4612; x_wconf 83' lang='lat' dir='ltr'>prefate</span> <span class='ocrx_word' id='word_1_352' title='bbox 1055 4543 1078 4586; x_wconf 82' lang='lat' dir='ltr'>s.</span> <span class='ocrx_word' id='word_1_353' title='bbox 1100 4519 1200 4586; x_wconf 85' lang='lat' dir='ltr'>Mario</span> <span class='ocrx_word' id='word_1_354' title='bbox 1215 4521 1437 4586; x_wconf 80' lang='lat' dir='ltr'>habitationem</span> <span class='ocrx_word' id='word_1_355' title='bbox 1455 4522 1574 4604; x_wconf 89' lang='lat' dir='ltr'>predio·</span> 
     </span>
    </p>
   </div>
   <div class='ocr_carea' id='block_1_9' title="bbox 0 0 1768 5209">
    <p class='ocr_par' dir='ltr' id='par_1_10' title="bbox 0 0 1768 5209">
     <span class='ocr_line' id='line_1_41' title="bbox 0 0 1768 5209; baseline 0 3"><span class='ocrx_word' id='word_1_356' title='bbox 0 0 1768 5209; x_wconf 95' lang='lat' dir='ltr'> </span> 
     </span>
    </p>
   </div>
  </div>
 </body>
</html>
