3525 5209
295 415 328 469 38
647 414 921 486 Gesohiehtsquellen
939 417 988 470 der
1008 416 1088 470 Prov.
1108 416 1238 472 Suohsen.

295 662 420 744 singule
449 661 530 725 bone
558 683 631 726 oum
657 665 724 727 suis
751 666 952 747 pertinenciis
980 664 1175 747 quibuslibet
1197 667 1256 728 site
1275 668 1308 728 in
1329 665 1405 729 villa
1425 672 1457 729 et
1476 667 1596 747 eampis

294 758 368 823 ville
379 757 591 829 Daohebeohe.
614 781 676 846 que
698 762 858 845 quondam
881 764 929 824 vir
945 763 1084 844 prudens
1098 762 1475 826 HeinricusVicedomini
1491 764 1597 825 iunior

293 859 371 921 nivis
390 857 590 922 Erfordensis
612 866 642 923 et
665 906 697 924 ..
721 860 849 924 heredes
870 861 971 943 ipsius
990 882 1008 922 a
1031 860 1123 923 nobis
1143 862 1176 923 in
1197 860 1288 923 feodo
1308 866 1494 934 tenuerunt,
1522 882 1596 923 oum

293 958 380 1019 omni
402 958 480 1033 iure,
501 957 645 1035 utilitate,
666 958 835 1021 usulructu
856 959 971 1040 pariter
991 964 1022 1020 et
1044 959 1170 1037 honore,
1191 957 1309 1038 quibus
1330 959 1389 1040 ipsi
1411 959 1469 1021 beo
1486 958 1595 1021 eedem

166 1132 170 1140 =
292 1054 507 1136 possiderunt,
534 1055 729 1119 contulimus
749 1066 779 1117 et
799 1054 998 1137 presentibus
1019 1056 1212 1118 conferimus
1232 1056 1300 1119 iure
1322 1054 1507 1119 hereditario
1528 1074 1596 1137 per-

293 1158 387 1235 petuo
409 1152 607 1235 possidenda.
649 1150 697 1216 De
719 1152 837 1235 quibus
855 1153 983 1233 quidem
1005 1152 1097 1216 bonis
1120 1153 1261 1236 magistri
1282 1153 1461 1229 consulum,
1479 1200 1505 1214 ..
1522 1172 1595 1215 eon-

294 1250 378 1313 sules
404 1256 434 1313 et
462 1301 499 1314 ..
529 1252 718 1314 universitas
747 1250 876 1333 predicti
906 1249 997 1313 nobis
1023 1257 1079 1313 aut
1104 1252 1220 1313 nostris
1241 1297 1275 1311 ..
1303 1249 1471 1313 heredibus
1497 1270 1594 1313 unam

295 1366 407 1410 urnam
430 1354 486 1411 eut
505 1349 573 1411 vini
593 1348 725 1411 Alsetici
747 1347 793 1410 vel
815 1346 1071 1431 Herbipolensis‚
1094 1348 1177 1430 quod
1201 1350 1341 1431 ipsorum
1363 1350 1482 1432 optioni
1501 1347 1595 1411 relin-

293 1444 431 1526 quimus,
452 1446 581 1509 nomine
604 1464 719 1509 census
742 1446 917 1509 hereditarii
940 1448 1033 1508 annis
1055 1446 1189 1526 singulis
1210 1465 1335 1529 semper
1353 1446 1387 1507 in
1408 1446 1487 1508 festo
1506 1444 1595 1509 mute

292 1541 475 1627 Walpurgis
499 1551 554 1606 aut
582 1549 687 1606 nostro
714 1544 831 1606 nuncin
858 1544 897 1605 od
926 1544 986 1607 boe
1012 1544 1158 1624 deputato
1180 1563 1235 1626 per
1260 1564 1317 1607 nos
1338 1543 1387 1606 vel
1411 1544 1593 1629 deputando

292 1641 323 1701 in
352 1638 497 1703 Erlordin
527 1648 677 1723 perpetuo
710 1641 833 1704 solvere
863 1642 1063 1703 tenebuntur.
1113 1640 1179 1703 Nos
1211 1662 1339 1723 qnoque
1366 1642 1405 1705 de
1432 1643 1594 1725 premissis

292 1736 456 1801 eosdem..
478 1740 643 1821 magistros
664 1739 841 1817 consulum,
856 1786 861 1798 .
874 1786 879 1798 .
894 1739 1041 1801 eonsules
1062 1746 1093 1802 et
1113 1740 1348 1801 universitatem
1372 1738 1593 1802 Erl'ordensem

290 1834 487 1899 iusticialitor
519 1836 700 1899 werundnre
734 1836 937 1917 promisimus
964 1841 995 1897 et
1021 1836 1233 1918 promittimus
1264 1856 1318 1918 per
1345 1842 1513 1920 presentes
1556 1836 1592 1899 ln

291 1952 427 2015 quorum
447 1932 661 1996 testimonium
682 1932 821 2015 sigillum
845 1940 986 1995 nostrum
1005 1933 1204 2014 presentibus
1215 1940 1262 1997 est
1272 1953 1456 2017 appensum.
1487 1933 1594 1997 Testes

291 2030 404 2093 borum
428 2036 519 2094 sunt:
550 2032 608 2092 vin'
635 2032 755 2094 strenui
779 2030 904 2093 Utribus
923 2029 1025 2091 dictus
1046 2029 1127 2103 Bon,
1157 2030 1317 2094 Henrieus
1338 2032 1377 2095 de
1397 2031 1595 2115 Respinberg

290 2133 320 2191 et
345 2126 509 2192 lohannes
537 2128 575 2192 de
601 2127 733 2192 Trebere
760 2128 887 2203 milites,
914 2126 1097 2191 Gotsoelcus
1122 2126 1341 2209 Kerlingorus‚
1368 2128 1528 2193 Henrieus
1554 2131 1593 2192 de

290 2224 410 2289 Gebese
431 2231 462 2289 el
482 2224 692 2289 Theodericus
713 2225 752 2289 de
773 2223 1009 2288 Herrersleibiu
1031 2226 1117 2288 cives
1139 2224 1343 2291 Erfurdenses
1363 2226 1473 2291 fideles
1493 2230 1592 2291 nostri

289 2328 320 2385 et
340 2322 544 2407 quamplures
565 2323 618 2386 ulii
638 2322 700 2386 lide
721 2323 816 2406 digni.
865 2320 984 2386 Datum
1006 2322 1148 2386 Edordie
1169 2344 1253 2387 anno
1275 2322 1403 2387 Domini
1424 2324 1593 2389 millesimo

289 2418 536 2498 OCC⁰XXVIl⁰‚
558 2419 636 2483 ΙΙΙΙο
658 2419 734 2484 Idus
756 2418 872 2483 Marcii,

287 2676 395 2759 1327.
424 2676 541 2757 Mitto
568 2678 636 2758 30.
1524 2677 1589 2760 bb.

385 2848 547 2914 dohannes
570 2852 760 2935 prepositus,
793 2850 874 2912 Allrn
895 2850 1055 2932 priorissa,
1084 2846 1257 2931 lllargareta
1279 2850 1465 2926 camerarie,
1495 2848 1590 2913 'Phela

385 2954 500 3029 suntne,
519 2946 610 3011 Jutte
631 2947 791 3011 celleraria
813 2952 962 3028 totusque
982 2954 1159 3008 conventus
1180 2948 1361 3009 monasterii
1384 2946 1466 3010 Novi
1488 2950 1591 3030 operis

385 3046 416 3107 in
440 3044 584 3109 Ertordie
604 3044 767 3119 belnennen,
790 3043 864 3105 dass
886 3046 927 3105 17
938 3041 1105 3121 &billinpe
1126 3040 1277 3122 Erfurter
1298 3041 1452 3123 Plennipe
1473 3042 1590 3105 Zinsen

384 3162 442 3205 oon
471 3144 569 3205 einen
594 3140 706 3204 Hense
731 3140 766 3203 in
790 3140 880 3205 Nova
907 3143 1033 3205 civitate
1058 3142 1149 3205 iuxta
1173 3138 1333 3203 influxum
1360 3162 1458 3223 equo,
1491 3162 1588 3224 quum

383 3240 537 3304 inhabitet
565 3239 729 3304 conradus
759 3239 797 3302 de
809 3238 978 3303 Weoltmer
1005 3238 1165 3315 sacerdos,
1193 3237 1245 3299 die
1265 3236 1365 3300 bisber
1386 3236 1455 3300 dem
1475 3236 1588 3319 Ilopst

382 3338 540 3414 pennen,
571 3336 656 3400 nebst
682 3340 724 3399 10
744 3334 934 3415 Sobillinpen
960 3356 1019 3399 oon
1039 3334 1208 3398 densellten
1225 3334 1351 3413 Hense,
1373 3334 1481 3399 eoelebe
1501 3336 1588 3401 lsen·

383 3436 485 3499 trudis
520 3434 696 3499 Gotbsoaloi
731 3434 806 3498 dieti
843 3434 937 3497 Parvi
970 3434 1039 3495 und
1071 3433 1176 3497 Mezze
1207 3435 1291 3498 dioto
1323 3435 1361 3498 de
1390 3434 1588 3512 Rudolfstad

383 3530 570 3593 Siliwestern
591 3530 745 3595 desselben
765 3530 917 3606 KlosterS,
939 3530 1049 3594 bereits
1068 3529 1118 3592 als
1137 3528 1391 3611 lebmsldnplicbe
1406 3530 1505 3594 Rente
1523 3552 1589 3594 ver-

381 3628 537 3692 sclm'eben
564 3648 679 3703 waren,
706 3628 814 3709 toton
839 3648 1020 3691 zusammen
1040 3628 1100 3690 den
1119 3633 1298 3707 penannlen
1318 3629 1426 3692 benten
1447 3629 1588 3692 Kloster·

382 3726 562 3789 scbwesieru
587 3726 637 3789 als
657 3726 755 3789 Rente
778 3724 898 3805 perante
925 3725 1047 3788 werden
1074 3726 1183 3801 sollen,
1208 3724 1358 3789 wdbrend
1381 3730 1401 3789 9
1421 3724 1588 3804 Sebillinpe

382 3824 450 3887 nod
471 3834 492 3887 3
516 3822 682 3904 Ptennipe,
712 3822 893 3899 eliense,
928 3827 951 3888 2
974 3822 1083 3887 Gdnse
1101 3822 1171 3885 und
1195 3824 1233 3902 ¹le
1256 3822 1508 3886 Getreideeinsen
1529 3844 1588 3887 oon

382 3909 507 3985 dolrem
527 3941 569 3985 en
590 3921 794 3987 Daohebeehe
815 3922 875 3983 den
896 3925 1073 4001 penonnlen
1089 3918 1398 3984 Klosterscbwestem
1418 3920 1520 3983 nister
1537 3942 1588 4001 qe·

379 4020 482 4099 terp,
514 4020 583 4081 dern
610 4020 724 4099 Propsl
754 4018 895 4099 entallen
925 4018 1029 4082 sollen.
1076 4016 1167 4081 Nacb
1194 4019 1263 4081 dem
1294 4017 1375 4081 Tode
1401 4019 1475 4082 aber
1497 4020 1586 4100 jener

380 4116 486 4181 beiden
508 4116 696 4180 Schweslern
721 4116 778 4179 soll
802 4118 857 4180 der
879 4116 958 4179 Zins
983 4116 1134 4179 condem
1155 4114 1266 4178 Hense
1289 4138 1334 4179 uti
1360 4116 1419 4179 eles
1445 4118 1584 4181 officium

379 4215 552 4279 infirmarie
573 4214 627 4275 des
647 4214 788 4277 Kbsiers
810 4214 958 4278 kornmen.

358 4364 477 4430 Datum
501 4386 584 4428 anno
607 4364 735 4429 Domini
758 4364 1050 4444 M⁰COG⁰XXVll⁰,
1070 4365 1132 4429 Ill⁰
1155 4364 1220 4427 Kal.
1243 4365 1370 4448 Aprilis.

430 4516 474 4571 or.
493 4517 531 4570 em
551 4516 610 4585 nei.
622 4516 660 4573 se.
673 4517 705 4568 n.
724 4532 759 4569 m
779 4516 816 4571 nr.
835 4516 898 4569 su.
