3525 5209
259 415 311 472 600
618 415 891 487 Geschicbtsquellen
911 415 960 470 der
979 415 1058 472 Prov.
1080 404 1209 470 Sacirscn.

258 566 620 646 facte,Ba1tholomeus
652 569 691 630 dc
712 568 899 650 Perignauo,
927 569 1002 631 olim
1029 569 1281 652 archiepiscopus
1315 567 1471 642 Berensis,
1512 569 1566 650 qui

260 666 365 728 sedem
397 667 596 749 apostolicam
636 674 745 730 oorrtra
783 670 960 731 sanctiones
992 669 1159 730 canonicas
1190 668 1302 729 nititur
1332 686 1500 749 occupa-re,
1532 687 1568 728 ac

260 763 363 826 dictus
385 763 573 839 Ludovicus,
594 768 803 828 commissarii
825 788 861 829 ac
876 767 1014 830 favitores
1026 785 1136 829 eorum
1159 773 1377 847 prosecuntur,
1401 766 1568 829 molestant

259 870 290 926 ct
312 871 443 943 vexant,
475 883 529 927 eos
556 871 587 926 et
612 883 720 928 eorum
749 865 916 947 oppidum,
947 864 1138 928 territorium
1169 868 1200 927 ct
1228 862 1405 928 districtum
1428 864 1466 928 de
1487 865 1569 928 facto

259 962 394 1026 [liversis
415 965 483 1024 suis
507 963 662 1044 pretensis
683 965 1064 1034 excomumnicationum,
1086 964 1331 1044 suspensionum
1354 982 1390 1025 ac
1412 963 1566 1026 interdicti

259 1061 423 1123 sententiis
444 1066 475 1122 et
495 1060 628 1123 diversis
644 1060 843 1143 processibus
855 1061 1063 1139 involventes,
1085 1060 1117 1122 in
1135 1066 1278 1123 nostrum
1292 1067 1323 1124 ct
1334 1062 1414 1126 dicte
1425 1061 1569 1126 Murano

260 1159 390 1222 ecclesie
418 1179 454 1220 ac
481 1159 636 1221 dictorum
670 1160 894 1241 proconsulum
925 1165 954 1222 ct
979 1160 1207 1241 oppidanorum
1230 1168 1261 1223 et
1281 1162 1327 1223 eis
1348 1161 1566 1226 adherentium

261 1255 469 1337 preindicium
490 1276 551 1318 non
578 1257 737 1319 modicum
751 1265 780 1320 et
798 1276 986 1338 gravamen,
1009 1277 1106 1338 quare
1124 1256 1214 1320 vvobis
1238 1279 1292 1340 pro
1320 1266 1406 1341 parte
1426 1262 1565 1342 ipsorum

260 1356 500 1436 proconsulum,
526 1355 692 1418 consulum
719 1362 751 1418 et
771 1356 1001 1438 oppidanorum
1024 1365 1054 1418 et
1075 1356 1120 1418 eis
1142 1355 1359 1420 adherentium
1382 1357 1443 1421 fnit
1464 1360 1568 1422 humi-

260 1452 331 1514 liter
362 1454 586 1535 supplicatum,
626 1460 661 1515 ut
698 1454 744 1516 cis
785 1472 880 1534 super
915 1453 1077 1534 premissis
1107 1459 1137 1516 et
1168 1453 1309 1536 quolibet
1341 1459 1566 1538 premissorum

262 1550 424 1632 providere
445 1551 483 1613 de
503 1559 658 1633 oportuno
679 1552 868 1634 provisionis
890 1552 1027 1613 remedio
1051 1552 1269 1633 dignaremur,
1296 1573 1353 1617 nos
1371 1555 1568 1620 attendentes

262 1650 454 1730 prefatorum
478 1650 715 1732 proconsulum,
736 1650 902 1712 consulum
931 1657 960 1712 et
982 1650 1209 1733 oppidanorum
1232 1657 1263 1713 ot
1283 1653 1328 1714 eis
1349 1652 1566 1717 adherentium

265 1748 386 1810 sincere
418 1747 593 1810 dovotionis
614 1749 759 1811 affectum
782 1754 813 1810 et
834 1767 939 1810 veram
964 1747 1174 1811 obedientiam
1196 1749 1384 1830 eorundem,
1416 1771 1497 1834 quos
1528 1753 1566 1814 ad

263 1865 321 1907 nos
346 1851 377 1908 et
398 1853 626 1909 sacrosanctam
651 1845 824 1909 Romanam
856 1847 1019 1908 ecclesiam
1038 1855 1154 1928 gerunt
1175 1852 1205 1909 ot
1227 1847 1389 1920 adhibent,
1419 1849 1568 1932 quodque

263 1943 445 2006 huiusmodi
472 1946 626 2007 sententie
651 1952 682 2007 et
703 1963 868 2027 processus
890 1944 1014 2006 iuribus
1037 1965 1098 2007 uon
1122 1945 1312 2019 subsistant,
1340 1948 1569 2011 nichilominus

263 2048 384 2117 tamen,
415 2048 450 2105 ut
475 2044 675 2106 conscientiis
701 2042 893 2126 simplicium
925 2062 1130 2126 personarum
1159 2051 1188 2106 ct
1215 2046 1308 2108 etiam
1331 2045 1478 2124 aliarum,
1505 2067 1568 2127 quc

263 2149 339 2206 sunt
364 2145 444 2207 iuris
473 2147 592 2226 ignare,
622 2160 683 2226 que
709 2165 743 2208 se
770 2143 952 2209 dubitantes
972 2145 1037 2206 fore
1059 2142 1239 2206 huiusmodi
1263 2145 1428 2207 sententiis
1447 2151 1478 2206 ct
1499 2165 1568 2227 pro-

263 2240 413 2317 cessibus,
444 2261 507 2324 que
528 2251 632 2307 tamen
655 2243 776 2306 nullius
798 2248 874 2306 sunt
904 2242 1036 2320 roboris,
1065 2243 1209 2318 irretitos,
1231 2241 1370 2315 satisfiat,
1388 2243 1566 2306 discretioni

263 2345 318 2402 tue
338 2359 394 2422 per
413 2340 582 2423 apostolica
604 2342 719 2423 scripta
739 2342 966 2404 committimus
988 2346 1018 2403 et
1045 2340 1248 2416 mandamus,
1277 2341 1435 2423 quatinus,
1458 2362 1512 2423 per
1537 2348 1568 2405 te

265 2438 312 2501 vel
334 2439 431 2502 alium
453 2458 511 2503 seu
532 2439 610 2502 alios
632 2447 661 2504 te
682 2440 721 2502 de
743 2442 904 2523 premissis
926 2439 1115 2512 informans,
1137 2441 1163 2502 si
1185 2459 1222 2500 ea
1242 2441 1415 2519 reppereris
1439 2442 1568 2502 veritate

263 2535 376 2616 fnlciri,
397 2538 552 2618 predictos
573 2538 947 2614 excommunicationum,
969 2539 1215 2618 suspensionum
1227 2533 1422 2600 etintendicti
1443 2544 1567 2601 senteu-

264 2635 325 2698 tias
357 2645 388 2698 et
418 2655 583 2717 processus
613 2637 797 2699 auctoritate
829 2635 999 2718 apostolica
1028 2636 1146 2712 irritos,
1182 2655 1297 2696 vacuos
1329 2642 1359 2697 et
1388 2637 1499 2698 inatres
1532 2657 1568 2698 irc

265 2732 385 2796 nullius
415 2733 588 2798 denuncies
618 2740 650 2798 et
677 2734 814 2796 declares
839 2733 904 2796 lore
921 2732 1042 2795 roboris
1067 2731 1112 2794 vel
1136 2734 1302 2808 momenti,
1335 2741 1494 2815 tanlquam
1529 2735 1567 2796 ab

263 2830 326 2894 illis
348 2839 379 2895 et
399 2831 461 2894 illis
482 2833 635 2895 emanatis
656 2837 687 2895 ct
708 2831 848 2908 prolatis,
882 2831 936 2912 qui
969 2835 1132 2912 nequeunt
1158 2831 1190 2891 in
1222 2831 1279 2893 hac
1307 2839 1391 2912 parte
1415 2832 1568 2913 predictos

264 2928 468 3011 proconsules
489 2936 520 2993 ct
541 2929 700 3008 consules,
731 2928 904 3012 oppidanos
929 2935 958 2992 et
985 2929 1169 2990 adherentes
1199 2929 1314 2991 eisdem
1335 2929 1497 2993 absolvere
1519 2930 1567 2993 vel

242 3018 244 3020 ’
265 3026 371 3108 ligare,
392 3047 448 3091 seu
470 3030 503 3090 in
526 3047 579 3091 eos
600 3035 776 3091 auteorum
791 3027 1141 3108 quemlibetcensuram
1160 3027 1400 3090 ecclesiasticam
1415 3049 1567 3092 exercerc.

264 3125 304 3188 ut
326 3127 352 3188 si
375 3125 501 3190 eosdem
524 3126 737 3209 proconsules,
760 3125 916 3202 consules,
936 3125 1107 3209 oppidanos
1129 3131 1159 3187 et
1178 3144 1326 3208 personas
1343 3127 1569 3190 ecclesiasticas

263 3231 294 3287 ot
312 3224 389 3287 alias
409 3225 595 3288 adherentes
615 3224 733 3288 eisdem
755 3224 804 3286 vel
825 3224 998 3306 qireinlibet
1015 3225 1189 3287 eorundem
1210 3244 1364 3286 aceorum
1376 3225 1567 3288 territorium

264 3328 294 3384 et
315 3322 492 3386 districtum
514 3323 620 3386 forsan
643 3323 801 3385 inveneris
823 3323 1168 3400 excommunicationis,
1191 3323 1408 3404 suspensionis
1428 3325 1569 3387 acinter-

264 3420 338 3483 dicti
376 3422 547 3484 sententias
573 3427 604 3483 et
626 3439 722 3503 penas
748 3419 834 3496 alias,
863 3420 1041 3503 spirituales
1064 3441 1119 3483 sen
1142 3420 1337 3502 temporales,
1361 3441 1414 3501 per
1434 3441 1491 3484 nos
1513 3442 1568 3484 sen

264 3538 474 3601 quoscunque
494 3519 728 3601 predecessores
751 3522 874 3580 nostros
886 3517 1044 3580 Romanos
1067 3517 1231 3601 pontifices
1252 3526 1307 3580 aut
1331 3517 1472 3581 eiusdem
1487 3520 1569 3582 sedis

264 3617 384 3698 legatos
405 3617 473 3679 sivo
493 3616 572 3679 alios
593 3617 776 3679 arroteritate
797 3615 878 3678 dicte
900 3616 983 3678 sedis
1007 3615 1056 3677 vel
1077 3616 1137 3679 alia
1149 3615 1289 3698 qualibet
1302 3618 1395 3678 ctiam
1413 3618 1569 3680 ordinaria

264 3713 477 3796 promulgatas
499 3721 530 3777 et
551 3713 686 3777 inflictas
706 3720 831 3796 propter
851 3733 961 3777 eorum
983 3714 1238 3792 inobedientiam,
1260 3713 1423 3792 delictam,
1444 3715 1568 3797 culpam

264 3819 295 3876 et
324 3814 572 3891 contumaciam,
601 3811 650 3874 vel
680 3812 757 3874 alias
788 3831 827 3873 ex
857 3831 908 3890 eo,
940 3811 1022 3894 quod
1046 3812 1127 3877 dicto
1151 3810 1309 3876 [rudovico
1337 3812 1569 3895 archiepiscopo

264 3910 413 3973 adherere
438 3929 494 3973 seu
516 3909 642 3972 obedire
664 3907 827 3987 nolebant,
854 3909 1035 3985 incurrisse,
1055 3931 1108 3974 cos
1129 3917 1160 3973 et
1188 3911 1360 3993 quemlibet
1389 3911 1571 3988 eorundem,

264 4015 431 4090 postquam
463 4007 626 4070 hurniliter
648 4009 812 4090 pecierint,
844 4027 877 4069 se
908 4007 1028 4070 absolvi
1059 4009 1098 4070 ab
1131 4009 1311 4072 huiusmodi
1344 4010 1508 4072 sententiis
1540 4017 1570 4072 et

264 4107 367 4188 penis,
393 4107 492 4168 eciam
522 4107 549 4167 si
579 4125 689 4167 eornm
711 4104 866 4168 absolutio
889 4107 929 4168 sit
950 4105 1092 4169 Romano
1114 4107 1254 4190 pontifici
1276 4108 1452 4190 specialiter
1474 4127 1570 4170 roser-

265 4210 344 4281 vata,
365 4205 549 4268 auctoritate
570 4202 697 4285 prefata,
718 4204 809 4265 irrata
829 4205 963 4266 tonnam
986 4206 1114 4268 ecclesie
1136 4205 1328 4278 absolvendi,
1351 4207 1503 4268 iniunctis
1515 4207 1571 4278 eis,

265 4321 345 4382 quos
372 4301 580 4363 absolvendos
605 4301 750 4376 duxeris,
782 4308 875 4382 prout
902 4303 1042 4383 ipsorum
1071 4305 1311 4386 proconsulum,
1344 4304 1513 4367 carmulam
1541 4311 1572 4365 ct

265 4398 493 4482 oppidanorum
521 4406 551 4461 et
572 4399 616 4460 eis
638 4398 855 4461 adherentium
889 4400 921 4460 iu
947 4403 1106 4482 premissis
1128 4421 1316 4466 excessuum
1339 4403 1477 4486 gravitas
1499 4420 1572 4464 exe-

263 4498 344 4578 gerit
365 4502 396 4559 et
416 4496 515 4560 eidem
540 4497 719 4559 discretioni
743 4495 913 4576 videbitur,
941 4519 996 4580 pro
1019 4499 1111 4562 modo
1133 4500 1224 4582 culpe
1248 4501 1421 4583 penitencia
1442 4499 1570 4561 salutari

265 4600 297 4657 et
319 4594 403 4676 quod
434 4594 472 4658 dc
498 4600 600 4659 cetero
625 4594 699 4657 talia
727 4615 791 4656 uon
819 4598 1016 4660 committant
1039 4617 1097 4660 nec
1123 4597 1310 4661 facientibus
1338 4618 1373 4661 ea
1394 4595 1571 4681 prebebunt
