3525 5209
271 425 324 481 sos
632 425 906 498 Geschichtaquellen
924 427 973 484 der
992 425 1071 484 Prov.
1085 425 1216 487 Sacnsen.

273 585 304 642 ct
333 578 490 643 bonorum
523 579 742 652 ecclesiarum,
779 580 906 663 qnando
944 599 999 643 seu
1038 582 1191 662 quociens
1229 580 1397 644 imminent
1427 579 1578 658 facienda,

272 679 411 742 decanus
433 699 489 762 pro
510 686 650 762 tompore
671 680 811 743 existens
832 677 870 741 ad
897 677 1026 762 opidum
1050 677 1151 742 Gotho
1173 679 1221 743 vel
1244 681 1392 743 Arnstete
1408 678 1578 742 cuiuslibet

271 785 415 840 nostrum
450 775 630 859 sumptibus
661 782 692 840 et
722 777 871 859 expensis
901 775 1087 840 convocabit
1118 776 1155 840 ad
1188 777 1363 862 capitulum
1396 797 1506 842 omues
1536 797 1576 842 ex

271 873 377 953 uobis,
408 875 462 958 qui
491 879 524 937 in
556 875 673 938 diocesi
704 874 821 938 farerint
841 873 1043 958 Mogontina,
1074 874 1114 938 ad
1144 876 1252 938 minus
1285 877 1382 939 unius
1418 876 1577 959 quindena
1632 883 1635 890 '

271 974 413 1056 spacium
435 973 633 1055 assignando,
655 972 692 1036 ad
716 991 821 1056 quem,
841 973 897 1055 qui
918 978 996 1036 tunc
1017 973 1171 1050 venerint,
1192 975 1434 1038 nominetoeius
1449 977 1578 1058 capituli

270 1076 404 1136 tractare
442 1077 473 1135 et
508 1071 610 1136 lacere
645 1076 792 1155 potarunt
825 1071 909 1154 quod
946 1070 1118 1149 incumbit,
1159 1071 1293 1136 aliorum
1330 1071 1477 1138 absencia
1512 1095 1577 1138 non

271 1168 425 1233 obstante.
466 1167 582 1233 Tamen
613 1170 639 1233 si
667 1171 740 1252 quis
768 1175 858 1233 extra
887 1170 1036 1234 diocesim
1069 1170 1167 1233 fuerit
1196 1169 1245 1234 vel
1275 1171 1373 1234 eciam
1400 1173 1433 1234 in
1461 1171 1576 1238 diocesi

271 1268 412 1331 existens
432 1287 473 1332 ex
494 1270 578 1332 iusta
599 1289 696 1332 causa
717 1272 826 1334 venire
847 1287 912 1332 non
928 1269 1052 1352 poterit,
1075 1274 1109 1332 ut
1126 1269 1333 1351 premittitur,
1354 1270 1577 1355 adcapitnlum

272 1369 402 1429 vocatus
422 1369 494 1432 talis
516 1388 571 1451 pro
592 1372 669 1430 tunc
690 1369 739 1432 rel
761 1387 817 1451 pro
838 1385 927 1430 nunc
947 1366 1044 1430 semel
1056 1367 1105 1431 vel
1117 1367 1236 1450 pluries
1251 1368 1446 1432 committere
1466 1370 1578 1453 poterit

272 1468 356 1532 licite
377 1471 430 1533 cui
451 1469 587 1533 voluerit
615 1470 654 1532 de
674 1464 811 1550 capitulo
834 1465 919 1528 vices
941 1484 1030 1542 suas,
1057 1470 1088 1529 et
1108 1466 1136 1528 is
1157 1470 1214 1530 aut
1236 1466 1302 1544 ille,
1324 1468 1376 1532 oui
1398 1469 1482 1531 vices
1503 1489 1579 1532 suas

273 1567 319 1628 sic
339 1569 545 1645 commiserit,
566 1567 600 1629 in
621 1567 718 1630 altero
740 1563 905 1647 opidorum
929 1562 1140 1645 predictorum
1164 1563 1264 1628 Gotha
1285 1583 1341 1628 seu
1367 1565 1526 1644 Amstete,
1547 1577 1579 1630 ct

273 1684 337 1728 non
361 1665 450 1737 alibi,
470 1686 525 1748 pro
546 1663 748 1729 convocando
769 1661 871 1746 ipsius
888 1661 927 1724 ad
951 1661 1123 1744 capitulum
1145 1664 1265 1726 tociens
1286 1664 1438 1745 quociens
1460 1665 1577 1747 requiri

275 1768 371 1846 atque
391 1765 497 1826 vocari
520 1763 659 1841 debebit,
686 1766 716 1825 et
741 1759 834 1824 debet
859 1766 937 1824 tunc
958 1765 988 1822 et
1010 1779 1073 1822 vox
1095 1759 1235 1824 eiusdem
1256 1763 1481 1826 eonrnrittentis
1502 1783 1575 1826 cum

271 1861 342 1923 aliis
362 1863 537 1944 computari
549 1861 702 1944 premissa
723 1881 762 1924 ex
784 1859 1006 1941 suprascriptis
1027 1863 1057 1922 et
1078 1858 1148 1922 aliis
1170 1859 1262 1923 iustis
1282 1867 1313 1923 et
1333 1860 1578 1926 racionabilibus

270 1959 376 2022 causis
404 1961 481 2022 moti
503 1977 558 2042 per
579 1959 709 2023 modum
737 1962 861 2040 statuti,
892 1979 955 2044 quo
986 1960 1023 2022 ad
1051 1967 1176 2044 tempus
1207 1965 1237 2022 ot
1268 1961 1300 2022 in
1333 1964 1482 2022 eventum
1510 1979 1577 2041 pre-

271 2076 457 2140 cxprassum
478 2057 623 2136 fecimus
651 2059 869 2123 ordinavimus
891 2064 922 2122 et
947 2059 1131 2136 statuimus,
1159 2061 1308 2135 tacimus,
1334 2058 1520 2121 ordinamus
1546 2064 1579 2120 et

271 2155 443 2220 statuimus
463 2156 497 2218 iu
519 2157 580 2220 biis
600 2158 739 2240 scriptis,
759 2158 901 2222 volentes
922 2159 990 2241 ipsa
1013 2156 1120 2220 haberi
1143 2163 1173 2222 ot
1194 2157 1292 2221 teneri
1315 2157 1346 2218 in
1358 2156 1449 2220 dictis
1460 2156 1577 2219 nostris

270 2254 411 2318 ecclesiis
432 2274 488 2338 per
508 2259 633 2339 tempus
656 2262 687 2320 et
714 2258 747 2319 in
770 2263 920 2322 eventum
951 2256 1106 2340 prelatum
1129 2276 1185 2339 pro
1206 2259 1337 2334 statuto,
1358 2259 1389 2319 et
1410 2254 1448 2317 ad
1471 2253 1576 2316 obser·

272 2354 430 2417 vationem
461 2373 573 2417 eorum
604 2363 767 2438 tamquam
794 2357 903 2421 statuti
935 2355 1135 2420 racionabilis
1176 2375 1230 2437 per
1264 2373 1322 2417 nos
1353 2352 1424 2416 laeti
1458 2371 1517 2416 nos
1547 2357 1577 2415 et

271 2471 469 2516 successores
490 2456 614 2517 nostros
641 2473 704 2536 quo
731 2453 769 2518 ad
799 2459 925 2538 tempus
952 2460 982 2518 et
1002 2474 1059 2538 por
1079 2459 1205 2535 tempus
1232 2457 1263 2515 et
1281 2453 1313 2514 in
1336 2456 1485 2515 eventum
1508 2469 1577 2533 prc-

271 2567 458 2632 expressum
479 2551 679 2634 presentibus
700 2551 887 2635 obligamus.
929 2553 965 2617 In
998 2573 1136 2636 quorum
1157 2551 1302 2615 omnium
1324 2555 1355 2612 et
1377 2547 1575 2630 singulorum

271 2647 499 2729 premissorum
537 2649 753 2714 testimouium
792 2659 823 2715 et
862 2652 985 2717 roboris
1014 2651 1195 2716 firmitatem
1228 2647 1330 2731 sigilla
1366 2647 1575 2729 capitulorum

271 2750 451 2810 nostrorum
473 2747 592 2810 maiora
612 2749 812 2829 presentibus
833 2757 910 2815 sunt
930 2769 1076 2834 appensa
1118 2747 1238 2812 Datum
1261 2753 1292 2811 ct
1312 2751 1418 2809 actum
1434 2745 1467 2807 in
1483 2745 1576 2826 opido

271 2841 418 2908 Amststc
442 2863 526 2908 anno
547 2842 676 2908 Domini
698 2847 865 2912 millesimo
888 2848 980 2912 000ο
1003 2847 1234 2931 septuagesimo
1257 2851 1345 2908 sexto
1366 2845 1398 2907 in
1422 2844 1472 2907 die
1493 2842 1576 2907 beati

270 2939 384 3005 Briccii
405 2943 594 3006 confessoris
614 2949 645 3006 et
665 2945 831 3027 pontificis.
891 2989 898 2998 ·

343 3045 536 3104 ¹S.Nr.769.

274 3219 384 3302 isto.
412 3221 649 3304 benember
675 3223 739 3305 24.
1491 3221 1575 3301 tlt.

372 3335 439 3402 Der
459 3337 525 3403 Rae
562 3359 604 3404 zu
624 3341 742 3423 Erfurt
771 3343 941 3423 versprlrlrt
970 3343 1038 3406 «loru
1069 3345 1155 3404 ....¹
1188 3361 1246 3403 corr
1280 3339 1397 3414 Gollrn,
1432 3337 1577 3412 Prieslcr·‚

367 3438 481 3501 scinem
501 3439 732 3518 pesclnooreuen
750 3441 879 3522 [Μαι
901 3441 969 3504 rand
980 3438 1108 3514 Ilionea,
1130 3437 1279 3502 rrrrdaleur
1301 3459 1334 3500 cr
1352 3437 1408 3499 der·
1426 3435 1516 3500 Staio
1536 3455 1578 3500 aa

371 3534 483 3599 dimon
511 3537 580 3600 arrd
600 3538 645 3602 sie
666 3559 720 3602 oor
741 3539 882 3602 &landet
906 3559 947 3604 aa
969 3537 1129 3603 domitian
1149 3535 1260 3618 pcbbl,
1287 3535 1368 3598 camb
1398 3555 1499 3616 roapcn
1524 3533 1579 3598 des

372 3633 545 3711 summas,
576 3636 637 3699 den
664 3657 698 3699 cr
723 3658 768 3700 arra
794 3637 902 3700 selaeu
929 3635 1107 3717 peistliclrcn
1129 3635 1234 3700 Letoon
1270 3635 1326 3697 dor
1352 3633 1442 3697 Stant
1476 3653 1578 3712 acopon

371 3733 559 3813 ernprfonpen
581 3733 638 3797 aar
663 3735 737 3798 octor
766 3733 843 3800 nodi
873 3739 1060 3814 canptonyen
1081 3733 1201 3809 ratlrdo,
1222 3731 1363 3816 ,potanda
1398 3737 1443 3794 30
1466 3729 1578 3810 Herod

372 3830 542 3910 Pfermipe,
570 3831 601 3911 jo
628 3836 693 3913 7¹,
715 3833 829 3913 Ptmad
858 3852 903 3895 aa
933 3831 993 3896 dan
1029 3830 1235 3909 Weibtasten,
1267 3849 1308 3896 aa
1343 3829 1513 3892 tetraonas
1544 3851 1577 3892 so

372 3926 466 4006 lotape
485 3949 519 3990 er
539 3927 596 3993 leot
619 3931 688 3993 arad
708 3931 744 3992 tn
765 3931 884 4011 Erfurt
904 3931 976 3994 oder·
997 3930 1159 3994 andnswo
1181 3929 1239 3992 mit
1258 3929 1312 3992 des
1333 3926 1429 3990 Rotas
1458 3927 1577 3992 Wirsen

371 4024 488 4100 waltrat·
522 4026 603 4088 raam
631 4027 689 4090 soll
714 4028 778 4090 itam
803 4047 849 4091 cn
873 4028 935 4090 dere
958 4027 1069 4092 Festeo
1092 4028 1149 4090 wic
1168 4028 1236 4090 aaa
1263 4025 1397 4090 matera
1421 4024 1578 4089 Sebreibcr

372 4123 441 4183 rand
468 4123 592 4186 comem
616 4123 746 4206 Pt'affen
777 4125 828 4188 eiu
851 4124 1012 4190 (lesclrcnlc
1037 4145 1080 4188 au
1111 4124 1196 4187 chin
1234 4123 1425 4202 acqmctialct
1445 4122 1575 4186 worden.

372 4217 514 4282 Decht
534 4220 633 4286 eamr
653 4223 719 4286 sicli
740 4224 813 4285 aber
833 4243 896 4293 vor,
920 4221 992 4298 ihm,
1015 4222 1121 4286 sobold
1142 4245 1174 4284 cs
1187 4222 1324 4304 nrdplicb,
1347 4221 1578 4300 cirrpcistliclres

371 4315 477 4381 Lclren
500 4337 542 4382 zu
572 4321 678 4399 petrea,
705 4321 813 4384 classen
841 4320 1034 4397 Eianobrnc,
1060 4321 1154 4384 sovrei
1181 4343 1214 4384 or
1246 4321 1348 4384 (lovon
1376 4319 1409 4381 in
1436 4319 1577 4382 absentio

372 4413 484 4492 ababa,
505 4436 564 4480 von
582 4417 643 4480 deit
665 4424 709 4482 30
732 4417 844 4499 illaad
863 4419 1030 4500 cbpeaopeu
1054 4420 1176 4484 werden
1197 4417 1261 4482 soll.

354 4515 602 4596 chebca21376
623 4520 655 4581 in
678 4520 787 4602 vigilia
807 4523 980 4586 nadvitatis
1002 4521 1125 4586 Christi.

422 4615 516 4684 Repest
533 4619 569 4670 im
589 4617 976 4676 Ocellinam-abradebat
995 4621 1031 4674 ian
1050 4620 1084 4675 Ε.
1097 4619 1129 4679 Α.
1169 4621 1176 4650 ¹
1196 4622 1231 4676 So
1249 4623 1279 4676 in
1293 4618 1340 4673 der
1360 4618 1430 4673 llus.
