3525 5209
464 435 695 494 Urlnrndenbuch
713 435 763 489 dar
781 433 864 490 Stadt
883 433 990 488 Erfurt.
1027 431 1066 487 ll.
1084 431 1171 486 Theil.
1334 443 1335 446 ¹
1420 426 1472 478 5⁵9

162 629 276 711 1376.
301 627 471 710 lannar
498 627 557 708 l‘t.
584 627 796 720 hvlgnon.
1384 620 1469 702 tot.

263 766 363 845 Paper
386 763 506 841 Grepor
520 761 581 827 XI.
602 761 782 842 bacathapt
804 757 920 839 iasolpe
935 757 1020 820 einer
1033 755 1237 837 Amrellotion
1252 756 1313 818 den
1324 755 1471 818 Nuntius

267 861 422 938 Thomas,
452 861 513 922 den
539 859 615 922 atbar
633 859 752 939 Ersurt
778 856 1063 938 anapesproctenea
1084 855 1185 918 Bono
1211 859 1305 917 trater
1322 856 1468 935 petrissae

264 960 497 1038 Bedinpunpea
518 977 560 1021 au
583 955 808 1036 mapeodieren
827 954 898 1017 und
918 953 969 1018 die
989 951 1080 1017 Stodt
1095 973 1128 1014 so
1144 952 1236 1034 lance
1248 954 1284 1016 in
1296 955 1472 1034 pdpsllichc

272 1055 474 1136 Vernadum
494 1055 625 1119 amman
650 1073 691 1118 aa
718 1052 836 1126 nem,
867 1052 915 1114 bis
936 1051 1123 1133 Erebischof
1144 1051 1279 1130 chdrrrip
1300 1051 1389 1116 selbsl
1408 1055 1471 1116 die-

264 1154 342 1218 sene
361 1154 566 1218 dhanehmen
585 1153 694 1217 Mane.

324 1291 368 1344 Or.
386 1290 437 1343 mit
454 1287 501 1342 der
518 1287 600 1341 Bane
617 1288 655 1340 aa
672 1287 734 1356 Kpl.
747 1285 785 1343 St.
798 1284 925 1339 AacM.

317 1359 453 1425 Schmidt,
473 1359 576 1427 arpen.
591 1357 818 1426 Urhaltepll.
837 1357 853 1409 l.
867 1373 888 1410 c.
908 1355 1004 1416 8340.

244 1483 417 1565 Gregorius
427 1483 601 1566 episcopus,
621 1501 733 1545 servus
753 1499 916 1543 servorum
929 1477 996 1558 Dei,
1018 1479 1130 1542 dilecto
1153 1479 1217 1542 lilio
1237 1479 1354 1543 Tharne
1375 1481 1473 1544 eleeto

166 1582 369 1662 Ninrocionsi,
383 1581 552 1664 apostolice
571 1579 654 1642 sedis
667 1580 793 1656 nuncio,
814 1577 948 1640 salutern
963 1583 994 1639 et
1004 1577 1471 1659 apostolicambenedictionem.

167 1681 257 1742 Sedis
276 1680 445 1763 apostolice
465 1678 643 1762 benignitas
664 1677 891 1758 circumspecta
906 1676 989 1737 circa
1009 1675 1142 1737 salutern
1155 1677 1332 1740 animarum
1345 1677 1474 1741 Christi·

171 1778 312 1841 tideliom
352 1797 476 1860 semper
507 1775 675 1839 intendens
706 1775 752 1838 eis
782 1775 868 1857 pacis
900 1779 930 1835 et
958 1775 1074 1856 quietis
1105 1773 1288 1856 commoda,
1318 1782 1472 1858 quantuni

171 1895 244 1940 cum
268 1874 335 1938 Deo
358 1880 471 1957 potest,
501 1873 630 1936 solicitis
662 1872 775 1935 stodiis
805 1873 918 1935 nititur
948 1890 1123 1954 procurare.
1167 1870 1250 1935 Sane
1280 1875 1387 1956 petitio
1420 1896 1474 1958 pro

170 1980 257 2057 parte
274 1973 511 2057 proconsulum,
532 1971 701 2035 consulum
711 1976 743 2033 et
751 1970 959 2054 opidanorum
972 1969 1056 2052 opidi
1068 1969 1273 2048 hilerdensis,
1289 1970 1476 2054 Magantino

169 2073 313 2151 diocesis,
333 2071 426 2134 nobis
447 2067 701 2154 nupereabibita
722 2068 912 2146 continebat,
934 2067 1017 2150 quod
1038 2068 1123 2147 olinr,
1144 2068 1274 2131 eccelesia
1288 2067 1475 2154 Morgantina

171 2190 228 2254 per
254 2169 375 2233 obitum
406 2169 488 2232 bone
515 2169 666 2231 mentoris
692 2166 844 2229 iohannis
869 2166 1093 2249 archiepiscopi
1125 2164 1310 2248 Magantine
1337 2179 1476 2251 vacante,

171 2267 282 2352 prefati
306 2267 525 2352 proconsules,
550 2266 698 2328 eonsules
719 2273 750 2328 et
771 2264 912 2347 opidani,
940 2283 1012 2327 cunr
1051 2269 1115 2326 lam
1148 2265 1206 2346 ipsi
1238 2286 1334 2348 qnam
1356 2267 1473 2332 dictum

169 2366 297 2449 opidunr
324 2365 363 2428 de
384 2365 546 2448 temporali
569 2355 785 2426 iurisdictione
804 2362 1028 2445 archiepiscopi
1054 2361 1231 2444 lllaguntini
1260 2383 1316 2446 pro
1337 2371 1476 2449 temporo

170 2465 337 2526 existentis
357 2463 423 2526 lore
444 2468 630 2539 noscantur,
651 2463 769 2524 decano
788 2467 819 2522 et
835 2459 972 2542 capitulo
984 2459 1474 2544 dicteocrlesieinxtaquendarn

169 2561 431 2623 consuetudinem
465 2561 642 2643 antiquitus
673 2559 868 2621 observatam
902 2557 1085 2620 huiusmodi
1120 2565 1210 2620 erant
1239 2561 1357 2623 astricti
1393 2563 1476 2626 iura-

173 2665 297 2738 mento,
336 2658 480 2722 videlicet
523 2659 608 2741 qnod
648 2659 707 2741 ipsi
750 2676 916 2739 nunquam
957 2655 1093 2739 aliquem
1136 2658 1168 2718 iu
1206 2658 1474 2743 archiepiscopum

170 2757 393 2839 Magrrntinonr
426 2759 601 2840 inciperent
632 2775 690 2818 nec
721 2755 816 2818 alloni
847 2762 998 2838 tanquam
1029 2755 1261 2839 archiepiscopo
1292 2755 1477 2839 Magantino

171 2856 348 2935 obedirent,
378 2857 441 2918 uisi
472 2857 561 2939 prins
597 2873 652 2937 per
683 2853 782 2916 dictos
812 2853 967 2916 decanum
998 2858 1028 2916 et
1059 2853 1231 2936 capitulum
1256 2856 1303 2918 vel
1327 2859 1477 2921 nlaiorem

171 2961 290 3038 partem
313 2956 453 3037 ipsorum
477 2955 508 3016 in
532 2953 802 3036 archiepiscopum
832 2957 976 3034 receptus
998 2956 1028 3013 et
1059 2951 1218 3014 admissus
1255 2960 1285 3015 ct
1312 2973 1368 3037 per
1395 2957 1479 3038 ipsos

172 3053 290 3115 eisdem
315 3051 569 3135 proconsulibus,
589 3048 774 3114 consulibus
794 3055 826 3112 et
846 3049 991 3132 opidanis
1013 3068 1068 3131 pro
1090 3049 1322 3134 archiepiscopo
1345 3051 1478 3135 Magan-

171 3151 239 3212 tino
260 3155 459 3233 presentatus
480 3150 642 3228 existeret,
670 3157 701 3212 et
729 3147 812 3231 qnod
833 3145 1052 3230 postmodum,
1080 3167 1153 3211 cnm
1182 3168 1240 3211 nos
1268 3151 1478 3214 tollerabilem

172 3249 299 3311 fratrem
323 3254 466 3311 nostrum
490 3247 688 3310 Lndovicum
712 3248 895 3332 episcopum
917 3244 991 3308 olim
1015 3243 1279 3329 Bambergenseru
1301 3268 1320 3310 a
1343 3250 1480 3329 vinculo,

173 3367 238 3428 quo
271 3344 499 3429 Bambergensi
529 3345 675 3425 ecclesie,
711 3345 763 3407 cui
793 3349 870 3406 tuuc
900 3349 1034 3426 preerat,
1063 3342 1246 3426 tenebatur,
1276 3347 1315 3410 de
1344 3349 1477 3412 fratrum

172 3450 353 3507 nostrorum
385 3444 516 3507 consilio
556 3449 589 3506 et
619 3443 787 3528 apostolice
818 3441 980 3524 potestatis
1007 3441 1203 3524 plenitudine
1232 3442 1479 3509 absolvissemus

174 3545 343 3625 ipsumque
370 3542 410 3605 ad
440 3543 573 3605 eandem
595 3541 815 3624 Magnntinam
836 3539 1016 3619 ecclesiam,
1045 3546 1083 3603 ut
1104 3541 1273 3624 prefertur,
1303 3550 1480 3624 vacentem,

174 3641 268 3703 cuius
297 3641 435 3723 provisio
466 3641 569 3704 iuerat
598 3659 654 3723 per
684 3659 743 3702 uos
764 3643 856 3701 antea
894 3637 1092 3720 dispositioni
1118 3641 1287 3723 apostolice
1313 3650 1480 3722 reservato,

176 3738 382 3801 duxissemus
413 3740 598 3801 anctoritate
630 3737 769 3821 predicta
800 3741 831 3797 ct
861 3735 1019 3798 dictorum
1050 3736 1182 3801 fratrum
1218 3740 1350 3802 consilio
1379 3747 1481 3805 trans·

172 3837 354 3915 terendum,
374 3836 566 3919 preficiendo
587 3838 690 3919 ipsum
713 3834 814 3897 eidem
828 3831 1014 3914 Magantine
1025 3835 1156 3899 ecclesie
1166 3837 1198 3898 in
1211 3839 1480 3923 archiepiscopum

174 3942 205 3998 et
227 3941 400 4017 pastorem,
420 3935 530 4017 prelati
552 3935 692 3998 decanus
714 3937 745 3996 et
766 3930 944 4014 capitulum
965 3931 999 3993 in
1012 3933 1130 4015 prelata
1144 3933 1330 4016 lllaguntina
1349 3937 1481 4002 ecelesia

175 4031 334 4114 quendam
366 4032 463 4095 alium
504 4033 702 4096 intruserunt
743 4051 779 4094 ac
821 4033 1003 4095 huiusmodi
1047 4033 1171 4096 intruso
1212 4036 1416 4117 prestiterant
1452 4043 1483 4099 et

174 4127 357 4212 prestabant
374 4129 546 4209 stasilium,
567 4129 736 4194 consilium
757 4149 793 4192 ac
812 4130 967 4211 favorem,
986 4135 1187 4213 etpropterea
1199 4131 1481 4196 diversascandala

173 4233 205 4290 et
225 4227 439 4291 dissensiones
459 4247 496 4290 ac
515 4247 629 4310 guerre
649 4229 732 4290 inter
752 4229 906 4312 prefatum
930 4229 1199 4312 arehiepiscopum
1228 4249 1268 4293 ex
1296 4236 1384 4317 parte
1408 4252 1481 4312 una,

175 4345 213 4389 ae
242 4325 397 4389 decanum
428 4331 460 4389 et
490 4326 664 4409 capitulum
696 4325 851 4408 predictos
881 4331 913 4389 et
942 4345 1052 4390 eorum
1074 4327 1211 4390 lautores
1233 4335 1264 4392 et
1283 4328 1479 4403 adherentes

175 4425 259 4487 iuter
289 4443 370 4507 quoe
391 4425 500 4508 prelati
528 4424 745 4507 proconsules,
776 4424 923 4488 consules
951 4431 982 4487 et
1008 4425 1133 4508 opidani
1155 4445 1223 4489 esse
1245 4427 1408 4506 dicuntur,
1441 4447 1482 4490 ex

176 4523 291 4601 altera,
311 4528 420 4585 exorta
440 4523 581 4602 luerunt,
607 4541 644 4585 ac
664 4523 774 4606 prefati
795 4522 1013 4604 proconsules,
1037 4523 1184 4586 consules
1213 4531 1244 4587 et
1269 4526 1395 4608 opidani
1417 4531 1480 4588 tani

177 4626 303 4703 propter
335 4621 517 4684 huiusmodi
540 4621 772 4700 iuramentum,
807 4640 885 4702 qrrrr,
915 4627 950 4682 ut
979 4621 1149 4704 prel'ertur,
1180 4621 1272 4684 dictis
1302 4623 1420 4686 decano
1454 4629 1484 4686 et
