3525 5209
475 434 707 492 Urkundenbuch
724 436 774 492 der
792 436 875 493 stadt
893 438 999 494 Erdurt.
1036 438 1075 500 ΙΙ,
1093 439 1179 500 Theil.
1432 445 1481 500 571

177 590 306 654 duxerit
326 590 372 653 sic
401 590 587 668 volendum,
619 608 743 652 necnon
771 590 837 672 pari
866 591 1018 655 formast
1040 592 1135 656 simili
1163 593 1256 657 modo
1284 596 1482 676 presentibus

175 696 207 752 et
238 690 321 752 dicta
357 689 540 752 auctoritate
573 687 743 770 apostolica
777 688 932 764 tollimus,
968 691 1193 774 suspendimus
1229 698 1259 756 et
1293 694 1482 772 relaxamus,

174 795 268 873 prout
287 789 345 852 beo
366 787 477 852 atalia
497 787 530 850 in
551 785 621 850 aliis
644 788 758 850 nostris
779 786 993 870 processibus,
1022 809 1120 854 manu
1144 791 1270 874 publica
1297 792 1482 877 subscriptis

174 896 206 952 et
225 886 392 972 publicatis
414 887 576 969 nostrique
597 885 690 968 sigilli
714 887 912 968 appensione,
941 907 1005 970 quo
1025 889 1154 965 utimur,
1175 888 1336 968 roboratis,
1357 893 1483 974 plenius

176 987 387 1049 continentur.
441 983 516 1047 Ideo
545 982 636 1047 robis
665 984 823 1047 universis
860 990 892 1048 et
923 986 1058 1070 singulis
1090 987 1254 1052 antedictis
1289 996 1320 1053 et
1353 991 1483 1054 cuilibet

177 1090 333 1161 vestrum,
362 1103 398 1146 ac
425 1083 486 1146 alio
513 1082 563 1145 vel
588 1082 672 1163 aliis,
705 1082 744 1146 ad
772 1101 865 1165 quem
897 1083 946 1146 vel
973 1083 1012 1146 ad
1042 1105 1120 1167 qnos
1146 1091 1337 1169 presentium
1367 1090 1482 1153 noticia

177 1183 328 1266 pervenit,
358 1181 586 1244 committimus
613 1180 768 1263 vobisque
792 1185 823 1244 et
848 1179 978 1246 cuilibet
1005 1189 1144 1248 vestrum
1173 1187 1206 1248 in
1234 1188 1349 1251 virtute
1377 1194 1482 1251 sancte

179 1279 369 1357 obediencie,
389 1284 420 1341 et
440 1283 559 1362 quanto
581 1279 693 1342 melius
708 1299 888 1362 possumus
908 1279 1046 1344 districte
1066 1285 1266 1368 precipiendo
1288 1287 1484 1364 mandamus,

178 1384 337 1462 quatenus
360 1397 416 1440 vos
438 1384 469 1441 et
495 1376 627 1460 quilibet
652 1383 804 1452 vestrum,
833 1379 888 1461 qui
914 1399 1010 1462 super
1038 1381 1096 1446 boc
1117 1383 1239 1448 fueritis
1266 1385 1423 1467 requisiti,
1453 1392 1484 1448 et

177 1476 215 1540 ad
239 1494 334 1558 quem
356 1476 550 1558 presentium
573 1475 687 1540 noticia
708 1479 892 1559 pervenerit,
914 1477 1048 1560 prefatos
1070 1499 1235 1562 processus
1254 1487 1284 1546 et
1305 1484 1484 1556 sententias,

178 1581 214 1638 ut
240 1574 444 1656 premittitur,
476 1591 530 1655 per
559 1593 617 1638 nos
637 1573 779 1638 sublatos
808 1581 839 1638 et
868 1575 1022 1652 sublatas,
1048 1578 1204 1642 relaxatos
1226 1586 1257 1643 ot
1276 1580 1433 1644 relaxatas
1455 1587 1484 1644 et
1524 1568 1528 1574 ⁵

178 1667 350 1754 suspensos
369 1677 400 1734 et
421 1690 591 1754 suspensas
612 1692 695 1750 esse,
714 1679 745 1736 et
764 1673 825 1737 alia
846 1676 954 1738 omniu
974 1680 1005 1737 et
1026 1676 1152 1757 singula
1170 1679 1349 1760 supradicta
1360 1679 1484 1761 publice

179 1771 352 1847 nunciatis,
383 1789 442 1833 nec
469 1770 597 1833 interim
626 1771 780 1853 predictos
808 1773 960 1855 opidanos
986 1779 1041 1838 aiat
1073 1776 1149 1840 alios
1171 1795 1210 1840 ex
1237 1777 1396 1858 predictis,
1417 1778 1484 1842 sive

178 1869 309 1932 clericos
339 1869 406 1931 sive
437 1866 556 1949 laycos,
583 1871 633 1936 vel
664 1872 802 1956 aliquem
826 1876 964 1957 ipsorum
1007 1875 1186 1938 occassione
1220 1895 1422 1958 processuum
1454 1881 1484 1939 et

178 1967 406 2032 sententiarum
428 1967 618 2048 prolatarum
640 1989 709 2033 osse
729 1971 854 2048 ligatos,
883 1991 940 2035 nec
969 1973 1000 2034 iu
1024 1972 1142 2035 divinis
1173 1974 1222 2036 vel
1252 1974 1313 2036 alia
1342 1973 1482 2038 fidolium

177 2065 529 2144 courmunionevitetis,
550 2084 615 2144 seu,
636 2070 840 2149 quantumin
856 2068 1010 2148 robisest,
1030 2071 1120 2133 vitari
1132 2070 1260 2134 i'aciatis.
1301 2071 1485 2136 Presantem

179 2170 323 2227 nostrum
345 2167 813 2249 processunr,suspensionem,
846 2168 1089 2246 relaxaciouem,
1119 2167 1335 2233 sublaciouem
1365 2177 1396 2234 et
1416 2169 1485 2245 alia,

180 2267 215 2326 nt
250 2263 456 2345 premittitur,
490 2263 521 2324 iu
564 2282 597 2326 se
631 2267 842 2329 continentem
881 2286 978 2350 penes
1008 2267 1107 2330 dictos
1139 2267 1289 2351 opidanos
1323 2289 1485 2334 remanere

180 2371 212 2428 ct
234 2384 298 2428 non
320 2385 376 2450 per
403 2385 461 2428 nos
493 2365 541 2428 vel
574 2365 713 2446 aliquem
736 2369 875 2428 vestrum
909 2364 1058 2428 volumus
1090 2365 1324 2448 quomodolibet
1345 2367 1485 2432 detineri.

181 2463 220 2527 In
257 2483 392 2546 qnorum
434 2465 579 2528 omnium
619 2468 650 2526 et
680 2463 878 2544 singulorum
911 2464 1126 2527 testimonium
1159 2465 1384 2547 premissorum
1417 2487 1485 2549 pre·

180 2569 286 2626 sentes
305 2563 412 2626 literas
441 2581 497 2626 seu
524 2564 583 2626 boc
606 2580 734 2644 presens
762 2560 925 2644 publicum
954 2562 1200 2625 instrumentum
1229 2583 1283 2646 per
1311 2562 1483 2628 Iohannem

180 2661 220 2725 de
240 2660 436 2735 Hillisbeim,
471 2661 618 2724 clericum
656 2658 890 2736 Coloniensem,
933 2660 1092 2724 nomrium
1131 2659 1294 2743 publicum
1335 2662 1485 2726 scribam·

180 2779 244 2841 que
277 2761 421 2822 nostrum
453 2760 591 2822 iuratum
628 2756 784 2821 subscribi
819 2762 849 2821 et
888 2758 1040 2841 publicari
1069 2758 1292 2823 mandavimus
1322 2767 1353 2824 et
1387 2764 1484 2825 nostri

180 2857 290 2940 sigilli,
325 2877 388 2940 quo
421 2857 560 2940 pridem,
589 2857 667 2920 dum
698 2857 778 2919 sacri
809 2856 921 2939 palacii
953 2857 1114 2940 apostolici
1151 2876 1319 2921 causarum
1362 2860 1486 2922 auditor

180 2975 317 3032 eramus,
337 2954 505 3020 utebamur
515 2960 546 3019 et
559 2955 662 3020 adbuc
686 2956 812 3034 utimur,
832 2955 864 3017 in
888 2955 1024 3036 presenti
1037 2954 1227 3038 appensione
1238 2957 1365 3018 muniri.
1407 2958 1487 3020 Acta

180 3060 212 3118 ct
231 3055 313 3118 facta
333 3060 409 3118 snut
425 3055 484 3117 bec
504 3055 537 3117 in
549 3053 693 3117 Erfurdia
712 3073 797 3116 anuo
816 3074 836 3116 a
856 3053 1020 3116 nativitate
1039 3051 1168 3116 Domini
1186 3051 1352 3116 millesimo
1368 3059 1486 3118 trecen·

183 3156 295 3218 tesimo
315 3154 547 3234 septuagesimo
568 3153 714 3235 septimo,
742 3151 914 3214 indictione
936 3148 1183 3233 quintadecima,
1204 3151 1254 3214 die
1275 3152 1486 3216 sextadecima

182 3252 301 3316 mensis
321 3251 448 3334 Aprilis,
464 3251 666 3333 pontificatus
685 3250 874 3312 sanctissimi
892 3251 925 3311 in
948 3248 1072 3312 Christo
1083 3250 1181 3331 patris
1195 3270 1232 3311 ac
1250 3248 1368 3312 domini
1388 3251 1484 3313 nostri

182 3349 301 3413 domini
316 3348 457 3432 Gregorii
471 3369 550 3431 pape
564 3347 719 3412 undecimi
733 3347 861 3430 predicti
873 3347 958 3410 anno
971 3349 1111 3430 septimo.
1126 3346 1330 3412 Presentibus
1347 3347 1487 3412 honestis

184 3449 259 3512 viris
283 3446 420 3510 dominis
433 3446 599 3510 Guntbero
620 3445 851 3523 doRodolfstat,
872 3447 990 3508 vit-ario
1009 3447 1041 3508 in
1054 3446 1185 3510 ecclesia
1206 3444 1357 3520 Cicaensi,
1378 3445 1486 3509 Nucu-

182 3545 349 3625 burgensis
370 3545 517 3622 diocesis,
537 3544 723 3608 Hermanno
744 3544 783 3608 de
803 3543 1014 3626 Wittiuburg,
1037 3545 1149 3608 clerico
1172 3550 1203 3607 et
1225 3544 1344 3607 notario
1360 3544 1486 3627 publico

181 3641 447 3724 Ratzeburgensis
468 3643 615 3721 diocesis,
643 3641 772 3705 Nicolau
797 3641 939 3720 Ottonis,
961 3642 1075 3706 clerico
1096 3641 1297 3725 Maguntino,
1321 3641 1487 3706 'lilmanno

182 3741 221 3804 de
250 3740 372 3817 Eiricb,
409 3741 498 3825 layco
538 3739 725 3824 Magantiuo
762 3739 907 3818 diocesis,
944 3753 975 3803 ct
1012 3741 1148 3823 Agapito
1179 3738 1284 3804 lacobi
1316 3740 1415 3804 Ticbii
1449 3740 1488 3803 de

181 3839 352 3918 uiorancia,
373 3838 507 3902 testibus
526 3838 691 3920 fidedignis
712 3837 752 3901 ad
774 3839 927 3919 premissa
949 3839 1067 3903 vocatis
1083 3839 1257 3922 specialiter
1272 3843 1303 3902 et
1320 3839 1444 3920 rugatis.

262 3936 303 4000 nt
323 3957 381 4020 ego
402 3936 560 4000 lohannes
581 3938 620 4000 de
640 3936 832 4012 Hillisheim,
852 3936 986 4000 clericus
1008 3936 1125 4013 Gelon,
1147 3935 1293 4019 publicus
1317 3937 1486 4019 apostolica
1511 4001 1513 4009 ,

181 4041 213 4098 et
233 4035 387 4116 imperiali
411 4034 653 4097 auctoritatibus
676 4034 831 4110 notarius,
852 4034 991 4116 dictique
1012 4035 1176 4098 reverendi
1201 4038 1298 4116 patris
1320 4034 1487 4117 apostolice

182 4133 266 4197 sedis
288 4133 389 4194 nuntii
413 4130 516 4194 scriba
536 4132 673 4205 iuratus,
700 4132 774 4212 quia
802 4133 964 4213 premissis
990 4131 1140 4194 omnibus
1166 4132 1301 4214 singulis
1327 4131 1402 4194 dum
1435 4133 1488 4208 sic,

182 4235 217 4294 ut
243 4230 443 4313 promittitur,
470 4248 525 4311 per
548 4230 702 4312 prelatum
730 4249 794 4293 rev.
813 4235 891 4312 patr.
918 4229 1029 4292 fierent
1055 4235 1086 4293 et
1113 4236 1290 4310 agerentur,
1323 4250 1385 4292 uua
1413 4249 1486 4291 oum

183 4327 409 4410 prenominatis
430 4325 563 4390 testibus
585 4327 712 4390 interlui
734 4346 835 4409 eaque
856 4327 963 4389 onmia
993 4332 1024 4390 at
1050 4327 1176 4407 singula
1204 4325 1249 4390 sic
1275 4327 1341 4390 lieri
1373 4327 1488 4390 vidiat

182 4426 309 4503 audiri,
339 4425 409 4488 ideo
432 4425 469 4487 de
490 4424 617 4507 speciali
642 4425 789 4488 mandato
810 4425 885 4488 dicti
905 4425 1067 4488 reverendi
1091 4426 1199 4508 patris,
1226 4445 1277 4489 me
1303 4425 1374 4488 aliis
1394 4445 1487 4487 occu·

183 4529 256 4607 pato
276 4523 432 4605 negociis,
453 4541 509 4605 per
529 4522 664 4586 alienam
688 4542 817 4585 manum
841 4522 900 4586 boc
917 4541 1046 4605 presens
1061 4521 1221 4606 publicum
1237 4523 1484 4586 instrumentum

182 4619 276 4686 scribi
298 4621 366 4698 feci,
388 4620 583 4704 quodfacto
603 4621 691 4703 prius
712 4619 883 4684 mliacione
905 4619 1049 4703 diligenti
1059 4625 1090 4684 et
1111 4621 1303 4686 correctione
1319 4619 1487 4704 prehabito,
