3525 5209
468 385 700 443 Urlrunde'nbuch
719 386 768 443 der
785 386 866 445 Stetit
884 386 990 447 Erfurt.
1022 386 1066 447 11.
1084 386 1170 445 Theil.
1421 389 1474 446 209

174 573 282 656 1345.
311 572 553 656 November
580 578 640 659 13.
670 542 898 657 Elsennch.
1382 576 1473 659 256.

269 708 450 785 Friedrich,
479 709 659 797 Murhprcf
674 730 732 773 ooo
755 709 909 787 meissen,
936 710 1061 791 pelicici
1080 710 1163 773 allen
1183 712 1291 775 scinco
1312 712 1475 796 Beamicu,

266 827 308 871 eu
338 812 502 887 pesmilert,
534 808 608 871 doss
639 808 689 870 dic
719 808 881 873 Gebeidcr
908 829 967 872 eoo
996 809 1099 874 Gotho
1130 810 1200 873 und
1228 811 1279 873 ihr
1313 810 1476 892 Sdtwcpcr

268 904 432 968 innerhulb
461 906 560 969 serres
589 905 728 970 Gcbietes
754 907 805 970 die
831 905 949 971 Wurcn
975 927 1034 970 von
1059 906 1298 972 Halbcrslddicr
1325 909 1475 991 Biirpcm

267 1003 325 1066 mit
351 1000 504 1085 ceretae
542 1004 678 1085 belcpcu,
714 1004 761 1067 his
800 1004 852 1067 dic
875 1009 943 1069 200
963 1004 1078 1082 Mare,
1109 1005 1218 1069 uerte
1249 1006 1343 1069 denen
1373 1028 1476 1088 remen
1552 1038 1555 1046 ·

266 1101 468 1181 Ermordunp
491 1101 573 1165 ihrer
594 1101 742 1165 Bruderr
760 1102 938 1183 pericbilidt
957 1103 1195 1183 rupesprocbcu,
1222 1104 1410 1186 uollsidrdip
1431 1126 1475 1169 an

269 1200 314 1263 sie
331 1198 449 1264 beroldi
468 1200 548 1263 sind.

324 1317 368 1372 Or.
386 1318 436 1371 mit
454 1317 480 1370 S.
499 1318 537 1369 im
556 1317 592 1375 D.
603 1319 629 1370 Α

537 1422 715 1488 Fridericus
739 1425 877 1488 marchio
900 1425 1110 1507 Myscueosis.

251 1520 371 1584 Omnes
391 1526 423 1584 et
444 1521 560 1603 singuli
583 1524 682 1584 nostri
705 1570 736 1589 ..
759 1522 902 1585 advocati
927 1542 1103 1606 eorumque
1119 1576 1126 1587 .
1144 1572 1151 1587 .
1167 1524 1330 1591 substituti
1351 1547 1475 1592 necnon

170 1670 175 1681 .
197 1670 203 1682 .
223 1621 326 1699 cives,
347 1620 594 1681 ..conductores
620 1624 650 1681 et
667 1621 830 1683 ..sculteti
851 1638 907 1683 seu
927 1622 1100 1699 ..iudices,
1120 1641 1177 1705 per
1197 1627 1348 1688 terminos
1370 1633 1477 1690 nostre

169 1718 304 1781 dicionis
324 1720 358 1779 in
379 1716 598 1797 landgravietu
620 1715 791 1799 Thuringie
808 1720 986 1797 constituti,
1007 1738 1044 1781 eo
1066 1719 1152 1803 quod
1168 1720 1341 1787 Heinricus
1356 1729 1387 1786 et
1402 1723 1478 1787 Ber-

166 1816 273 1879 toldus
293 1814 404 1877 fratres
425 1813 464 1878 de
486 1813 588 1877 Gotho
614 1822 645 1877 et
666 1814 850 1878 Gunthcrus
883 1816 923 1879 de
941 1815 1171 1901 Hennenberg,
1198 1821 1370 1883 eorundem
1392 1840 1477 1885 soro-

166 1915 250 1990 rius,
281 1915 373 1976 iuxta
404 1914 594 1977 sententiam
628 1913 738 1976 iudicii
769 1915 973 1997 provincialis
1006 1934 1130 1979 necnon
1160 1925 1478 1982 ..conservatorum

166 2012 254 2095 pacis
274 2009 446 2092 Thuringie
471 2028 567 2094 super
593 2010 775 2091 homicidio,
803 2014 837 2074 in
858 2013 1001 2095 ipsorum
1022 2020 1104 2077 terre
1125 2013 1253 2079 domino
1278 2016 1405 2080 hlberto
1426 2020 1477 2101 pie

167 2110 320 2173 memorie
341 2128 396 2192 per
420 2157 447 2171 ..
469 2109 554 2171 cives
575 2107 858 2199 Helberstedenses
883 2115 1075 2192 perpetrato,
1100 2112 1244 2176 nondum
1270 2119 1345 2176 sunt
1370 2134 1477 2178 emen-

167 2208 240 2271 dem
274 2207 313 2269 de
341 2206 485 2287 ducentis
517 2207 632 2269 marcis
664 2208 752 2291 puri.
785 2209 862 2289 ipsis
895 2207 1120 2285 adiudicatum,
1152 2211 1329 2288 consecuti,
1359 2212 1478 2275 eisdem

166 2304 326 2368 actoribus
350 2303 502 2366 duximus
528 2303 566 2365 de
595 2305 713 2366 seniori
737 2304 876 2366 remedio
898 2304 1098 2387 presentibus
1119 2306 1364 2389 providendum,
1389 2329 1478 2373 mnn-

167 2402 279 2466 dantes
299 2400 390 2465 vobis
408 2402 619 2464 communiter
640 2400 689 2464 vel
712 2401 839 2463 divisim
863 2414 969 2464 nostre
989 2404 1094 2484 grecie
1110 2402 1242 2467 firmiter
1260 2405 1320 2468 sub
1339 2412 1479 2490 optentu,

167 2506 203 2565 ut
224 2500 361 2583 prefatos
382 2498 584 2578 Heinrioum,
609 2495 794 2561 Bertoldum
821 2505 852 2561 et
873 2499 1087 2579 Guntberum,
1121 2502 1248 2583 quondo
1274 2509 1306 2566 et
1326 2506 1479 2587 quociens

168 2600 324 2681 optimum
345 2596 455 2676 fuerit,
475 2598 558 2659 intre
579 2600 609 2659 et
630 2602 721 2660 extra
741 2615 851 2660 muros
872 2598 1036 2660 civitatum
1054 2606 1086 2661 et
1101 2600 1133 2661 in
1151 2598 1345 2665 districtibus
1364 2604 1480 2666 nostris

168 2698 301 2779 pignore
329 2714 439 2778 cepere
466 2695 649 2777 paciamini,
679 2695 725 2757 ite
751 2700 873 2773 tamen,
902 2695 986 2778 quod
1009 2695 1191 2759 huiusmodi
1211 2699 1343 2780 pignore
1362 2700 1402 2763 ed
1423 2720 1479 2763 ex-

169 2792 362 2857 eredendum
396 2796 556 2874 exponent
594 2792 633 2855 ed
664 2792 798 2875 legalem
830 2794 1032 2871 coercionem,
1064 2813 1233 2877 quousque
1274 2803 1477 2861 memoratam

171 2888 379 2955 ducentorum
402 2908 580 2953 marcorum
603 2890 767 2953 emendam
791 2910 846 2972 pro
867 2892 1009 2973 ipsorum
1027 2891 1122 2955 lrutre
1147 2892 1365 2957 miserabiliter
1382 2896 1478 2958 inter-

171 2990 251 3053 fecto
284 3010 303 3052 a
331 2989 422 3052 dictis
449 2987 574 3051 civibus
600 2985 921 3053 Helberstedensibus
951 2988 1091 3072 plenarie
1122 2997 1372 3073 consequentur,
1400 2994 1478 3077 ipsis

170 3106 297 3151 omnem
325 3086 363 3149 ed
390 3086 450 3149 hoc
476 3088 704 3169 promotionem
733 3092 764 3148 et
789 3085 928 3149 favorem
956 3087 1049 3149 iuxta
1076 3088 1134 3150 sui.
1152 3089 1392 3171 requisitionem
1417 3092 1478 3154 im-

169 3183 351 3268 pendentes.
393 3182 510 3247 Detum
524 3182 687 3261 Ysenach,
708 3202 791 3246 anno
808 3181 938 3246 Domini
959 3182 1209 3249 M⁰.OOO⁰.XL⁰.
1230 3188 1357 3269 quinto,
1378 3188 1478 3251 domi-

172 3286 243 3347 nice
262 3290 333 3367 post
354 3281 498 3360 Martini,
521 3281 669 3364 pendenti
688 3279 749 3344 sub
773 3287 901 3345 secreto.

168 3504 284 3587 1345.
311 3502 551 3585 December
577 3506 616 3586 t.
1389 3506 1475 3590 257.

270 3637 337 3702 Der
351 3638 418 3702 rtur
436 3658 496 3703 oen
511 3638 630 3718 Hrswri
648 3638 791 3715 behemot,
813 3638 888 3702 dass
913 3638 986 3719 Tyle
1005 3660 1064 3704 veo
1084 3642 1140 3705 der
1155 3641 1274 3705 mesa
1293 3642 1364 3707 uod
1383 3642 1478 3707 Gelae

270 3736 384 3801 Brutis
412 3736 584 3811 ciucrseiis,
613 3736 682 3799 und
714 3735 844 3801 Wcrner
881 3757 940 3800 von
966 3738 1240 3803 Frankcnbauscn
1270 3741 1476 3805 aedcrcrseils

270 3835 440 3899 dorcheim
463 3833 704 3915 Schiedspcricht
735 3854 837 3914 wepcn
868 3834 924 3897 der
954 3835 1185 3916 beidcrseiiipen
1216 3838 1402 3917 Auspriichc
1431 3860 1476 3903 aot

270 3934 329 3997 dos
352 3932 480 3998 Gericiel
498 3952 540 3997 ru
561 3932 761 3996 Schwerborre
783 3930 956 4011 vcrplichcn
977 3935 1101 3997 worden
1121 3934 1213 3998 scien.

322 4054 366 4106 Or.
385 4052 435 4105 mit
454 4051 481 4109 S.
502 4052 540 4103 im
558 4049 716 4120 zoeleth
735 4065 770 4103 zu
788 4050 827 4102 Μ.

249 4156 320 4221 Wir
340 4156 525 4239 Gottscbolg
552 4175 614 4219 von
635 4153 786 4231 Lubelin,
812 4155 890 4237 Tyle
915 4176 979 4220 von
1006 4157 1062 4221 der
1083 4157 1218 4237 Sachso,
1245 4158 1391 4223 Andreas
1411 4180 1474 4223 von

169 4255 311 4336 Oollede,
339 4255 483 4318 Guntber
512 4274 575 4317 von
600 4252 755 4331 Kongisse
781 4256 1024 4334 retesmeistere‚
1053 4255 1180 4319 Grinred
1210 4276 1271 4319 von
1299 4256 1475 4337 Elxleibcn,

168 4353 320 4435 Ludewig
333 4373 395 4417 von
407 4352 635 4431 Biltersleibin,
657 4351 773 4415 Iohens
784 4371 845 4414 von
859 4351 1105 4432 Hervirsleibin,
1125 4352 1253 4417 Ounred
1269 4356 1348 4417 bern
1358 4354 1476 4433 Bruns,

169 4452 323 4515 Heinrich
355 4469 417 4514 von
449 4448 741 4527 Albreohtisleibin,
774 4449 925 4513 Albrecbt
957 4470 1018 4513 von
1049 4450 1253 4530 Gorisleibin,
1283 4452 1386 4515 Ticzel
1412 4471 1475 4515 von

169 4548 467 4632 Phertingesleibin‚
498 4546 629 4612 Niclaus
657 4566 718 4609 von
747 4545 925 4627 Rcrbeche,
954 4548 1107 4611 Heinrich
1132 4550 1293 4629 Schunlre,
1321 4549 1474 4613 Heinrich

224 4657 471 4708 emuteuuquaens.
486 4658 562 4697 suun
577 4656 653 4699 xxiv.
665 4658 687 4698 r.
1242 4662 1275 4715 14
