3525 5209
291 364 340 419 158
642 366 915 436 Gesclriclrtsqnellen
934 365 983 420 der
1002 366 1082 421 Pron.
1103 367 1234 422 Sachsen.

289 517 503 580 venditionem
527 516 669 579 ultimam
691 518 730 580 ad
746 523 932 600 perpetuum
955 516 1161 602 pertinebant,
1185 521 1401 601 promittentes
1423 517 1597 601 specialiter

288 620 319 678 et
339 633 502 697 expresse,
524 615 690 678 dominum
711 615 933 678 Hermannum
956 617 1111 699 prefatum
1134 617 1165 677 in
1189 616 1293 691 bonis,
1321 615 1469 680 censibus
1490 622 1521 678 at
1541 615 1596 678 ob-

287 712 490 776 ventionibus
516 712 676 794 predictis,
698 733 757 776 nec
779 733 841 776 nou
865 733 939 776 eum
963 714 1010 776 vel
1033 733 1100 788 coe,
1129 713 1246 796 quibus
1274 713 1393 778 dederit
1422 713 1473 777 vel
1501 714 1596 776 dona-

286 813 381 882 verit,
412 811 575 894 legaverit,
607 811 783 873 vendiderit
810 811 860 873 vel
881 812 1102 892 assignaverit,
1129 819 1223 894 prout
1248 813 1368 874 iustum
1392 811 1504 890 interit,
1537 831 1596 874 nos

287 927 432 971 unacum
452 908 707 971 commendatore
724 914 755 970 et
764 908 915 970 fratribus
930 915 1106 972 conventus
1124 909 1238 972 domus
1255 917 1360 972 nostre
1376 911 1408 971 in
1422 908 1595 986 Wizzcnse,

285 1005 516 1087 Kuczeleybin,
545 1004 740 1088 Bezzingen,
767 1005 964 1088 Heylingen,
984 1005 1149 1088 Tophstcte
1170 1015 1200 1070 et
1221 1008 1254 1068 in
1276 1007 1409 1070 'lrebere
1429 1007 1595 1090 sepedictis

286 1128 341 1191 pro
370 1109 461 1171 nobis
492 1117 523 1171 et
552 1110 668 1170 nostris
695 1107 931 1170 suecessoribus
954 1111 1110 1172 universis
1133 1115 1163 1172 et
1184 1109 1333 1173 fratribus
1354 1111 1452 1172 nostri
1475 1109 1594 1172 ordinis

289 1206 535 1289 quibuscunque
560 1207 755 1284 memoratiS,
782 1213 876 1289 pront
897 1207 1016 1270 iustum
1038 1208 1150 1284 fuerit,
1179 1206 1362 1270 warandare
1388 1213 1418 1270 et
1445 1206 1484 1268 ab
1506 1209 1592 1270 omui

285 1305 486 1387 inpetitione,
517 1305 745 1386 inpugnatione
773 1323 829 1367 sen
856 1304 1051 1366 int'oliatione
1072 1305 1182 1367 matris
1204 1303 1333 1368 reddere
1354 1304 1469 1367 liberos
1493 1310 1524 1366 et
1543 1306 1593 1368 in-

285 1403 450 1484 dempnes3
479 1403 695 1484 promittentes
715 1401 942 1464 nichilominus
963 1421 1019 1484 pro
1040 1399 1133 1464 nobis
1149 1407 1179 1464 et
1203 1404 1319 1465 nostris
1346 1401 1593 1478 successoribus

284 1509 377 1580 prout.
397 1519 493 1583 supra
513 1498 575 1562 fido
595 1500 723 1581 prestita
746 1499 956 1581 corporaliter,
977 1509 1085 1561 contra
1106 1500 1276 1582 predictam
1295 1500 1505 1563 venditionem
1528 1519 1592 1564 nou

282 1599 390 1660 venire
410 1617 466 1680 per
486 1617 545 1659 nos
568 1615 622 1659 sen
646 1617 701 1680 per
722 1597 808 1673 alios',
828 1597 945 1660 directe
968 1597 1015 1659 vel
1033 1597 1191 1676 indirecte,
1211 1600 1324 1680 quovis
1343 1600 1466 1680 quesita
1489 1597 1591 1660 colore

283 1693 407 1777 publice
428 1695 477 1758 vel
499 1694 629 1773 occulte,
651 1695 705 1758 sed
728 1695 836 1756 omnia
857 1700 888 1756 et
909 1695 1035 1776 singula
1058 1697 1210 1776 premissa
1230 1697 1332 1773 firma,
1356 1703 1422 1758 rata
1444 1704 1474 1759 et
1492 1708 1590 1781 grata,

282 1794 369 1855 omni
389 1793 501 1855 fraude
521 1798 552 1854 et
573 1792 643 1854 dolo
664 1793 812 1867 exclusis,
834 1793 960 1873 penitus
981 1792 1155 1855 observare.
1197 1792 1438 1856 Renunciamus
1459 1793 1591 1879 insuper

283 1909 341 1951 nos
370 1900 401 1951 et
426 1890 696 1953 commendatores
723 1908 780 1951 sen
805 1890 916 1952 babes
946 1890 1076 1972 predicti
1098 1911 1162 1952 nna
1183 1890 1347 1954 nobiscum
1371 1911 1427 1973 pro
1449 1893 1539 1956 nobis
1560 1905 1591 1957 et

282 1989 398 2050 nostris
424 1988 660 2052 successoribus
687 1988 934 2070 quibuscunque
959 1987 1108 2051 omnibns
1134 1989 1257 2070 gratiis,
1286 1989 1470 2072 privilegiis,
1498 1991 1591 2054 liber-

280 2084 400 2147 tatibus
420 2093 451 2148 et
472 2083 600 2165 litteris,
626 2085 718 2147 nobis
745 2086 795 2147 vel
818 2085 922 2147 ordini
947 2092 1053 2148 nostro
1076 2087 1233 2148 concessis
1255 2087 1303 2148 vel
1326 2088 1421 2150 etiarn
1443 2091 1476 2150 in
1498 2099 1589 2152 antea

280 2183 502 2261 concedendis,
524 2202 646 2246 necnon
668 2183 762 2246 alicui
781 2183 845 2245 doli
866 2182 956 2254 mali,
977 2185 1091 2246 actioni
1114 2185 1145 2246 in
1168 2185 1303 2261 factum,
1325 2183 1477 2248 beneficio
1498 2189 1588 2250 resti·

280 2283 412 2344 tutionis
433 2281 466 2343 in
486 2283 655 2364 integrum,
675 2283 852 2363 exceptioni
872 2299 934 2343 non
955 2289 1120 2344 numerate
1136 2283 1277 2364 pecunie,
1299 2283 1501 2364 contradite,
1524 2305 1588 2347 non

279 2380 391 2456 solute,
412 2385 468 2441 etc.
492 2386 524 2442 et
542 2379 731 2462 generaliter
744 2380 844 2440 'omni
865 2378 983 2440 auxilio
1004 2380 1083 2441 iuris
1102 2385 1166 2441 tam
1189 2381 1332 2442 canonici
1357 2400 1453 2463 quam
1474 2383 1588 2460 civilis,

279 2476 397 2560 quibus
424 2476 564 2560 predicta
591 2477 732 2540 venditio
757 2478 789 2537 in
820 2476 937 2538 iudicio
962 2475 1010 2538 vel
1032 2483 1122 2538 extra
1147 2485 1250 2558 posset
1271 2478 1389 2554 vitiari,
1418 2481 1587 2561 inpugnari

280 2574 517 2658 quomodolibet
534 2575 582 2637 vel
599 2575 738 2656 infringi.
780 2573 886 2636 Testes
907 2575 1056 2636 huinsrei
1069 2579 1416 2638 seucontractussunt:
1439 2577 1588 2640 dominus

278 2671 435 2735 Iohannes
456 2673 494 2734 de
514 2673 674 2750 Butstete,
699 2673 877 2755 prepositus
899 2671 1187 2734 sanctimonialium
1210 2672 1363 2734 Alburnm
1385 2673 1584 2737 dominarum

277 2772 310 2832 in
333 2769 493 2848 Erfordin,
520 2770 669 2832 dominus
690 2769 901 2852 Marquardus
924 2769 1076 2852 plebanus
1097 2771 1130 2832 in
1160 2769 1362 2853 Naphestete,
1390 2771 1517 2835 Utricus
1548 2773 1586 2834 de

276 2871 456 2948 Buthstete,
483 2868 632 2930 dominns
652 2867 717 2929 Iob.
741 2869 779 2928 de
800 2866 913 2928 Tnnna
935 2867 1125 2939 sacerdotes;
1156 2865 1323 2932 Bertoldns
1351 2868 1390 2932 de
1409 2867 1585 2946 Totelstete,

276 2969 436 3033 Henricus
456 2966 494 3028 de
515 2964 697 3037 Molbnsen,
719 2965 908 3044 Hartungus
932 2965 969 3026 de
992 2963 1171 3044 Drivordia,
1194 2964 1357 3028 Conradns
1381 2966 1420 3029 de
1445 2965 1584 3030 Nuwen-

276 3087 388 3131 sezzen
411 3075 442 3131 et
463 3065 670 3130 Hermannns
692 3064 731 3125 de
752 3060 900 3142 Borgelin
923 3064 1008 3124 cives
1029 3061 1233 3126 Edordenses
1254 3069 1285 3126 et
1306 3064 1358 3125 alii
1381 3064 1585 3147 quamplures

274 3165 336 3229 fide
364 3167 452 3248 digni
480 3166 519 3227 ad
546 3165 605 3226 hoc
630 3164 733 3224 vocati
761 3161 937 3242 specialiter
962 3169 993 3222 et
1018 3163 1126 3244 rogati.
1169 3161 1364 3244 inquorum
1387 3165 1530 3226 omnium
1553 3169 1584 3225 et

274 3264 473 3346 singulorum
507 3261 723 3326 testimoninm
757 3257 897 3338 sigillum
933 3259 1032 3320 nostri
1064 3261 1222 3341 prioratus
1253 3261 1384 3342 predicti
1415 3279 1482 3323 nna
1509 3279 1582 3324 cum

275 3361 376 3443 sigillo
413 3359 677 3422 commendatoris
715 3362 746 3419 et
777 3357 909 3419 fratrum
944 3357 1057 3419 domus
1089 3358 1123 3418 in
1158 3357 1325 3421 Wizzense
1356 3359 1394 3422 de
1425 3377 1581 3421 consensu

274 3461 417 3521 omnium
437 3459 569 3520 fratrum
587 3456 752 3518 domorum
774 3457 807 3516 in
823 3454 996 3537 Thuringia
1012 3455 1201 3536 prefatorum
1220 3454 1418 3538 presentibus
1430 3456 1582 3519 duximus

274 3557 468 3639 apponenda.
511 3553 577 3617 Nos
587 3553 823 3616 commendator
841 3560 870 3616 et
890 3560 1066 3615 conventus
1083 3553 1215 3616 fratrum
1230 3554 1346 3616 domus
1367 3555 1398 3616 in
1412 3553 1581 3616 Winzense

273 3654 413 3717 iamdicti
441 3653 710 3735 recognoscimus,
738 3651 822 3733 quod
851 3650 955 3732 sigilla
984 3657 1089 3713 nostra
1120 3669 1277 3714 unacum
1301 3651 1403 3732 sigillo
1425 3654 1581 3735 prioratus

273 3751 463 3815 venerabilis
497 3751 616 3814 domini
643 3749 748 3811 fratris
775 3749 912 3811 Bertoldi
944 3748 981 3811 de
1006 3747 1226 3831 Hennenberg
1252 3751 1364 3832 prioris
1392 3750 1519 3832 predicti
1547 3751 1578 3812 in

272 3851 489 3913 testimouium
500 3848 630 3912 evidens
641 3848 784 3909 omnium
797 3848 1033 3929 premissorum,
1046 3853 1077 3908 ot
1088 3847 1171 3928 qnod
1191 3865 1227 3909 ea
1243 3849 1350 3910 omnia
1362 3855 1581 3930 processerunt

272 3955 303 4010 et
335 3947 509 4031 procedunt
539 3947 578 4010 de
610 3951 717 4008 nostro
747 3947 827 4007 scitu
859 3955 890 4007 et
924 3963 1083 4007 consensu
1112 3952 1352 4027 ceterorumque
1383 3945 1512 4008 fratrum
1546 3945 1579 4006 in

270 4045 441 4128 Thuringia
467 4045 677 4128 predictorum
706 4052 737 4105 et
757 4043 932 4106 secundnm
956 4061 1081 4104 omnem
1105 4043 1233 4105 modum
1257 4049 1287 4104 et
1306 4043 1454 4120 formam,
1484 4061 1577 4125 quem

271 4144 309 4205 ad
350 4144 480 4205 modum
520 4160 616 4225 super
646 4141 706 4203 biis
737 4147 784 4204 est
815 4141 1044 4223 conscriptum,
1081 4139 1280 4222 presentibus
1319 4147 1394 4203 sunt
1430 4159 1575 4223 appensa.

271 4243 388 4303 Actum
412 4245 442 4303 et
463 4241 571 4302 datum
591 4259 674 4301 anno
699 4237 826 4301 Domini
851 4239 890 4302 ll.
904 4237 985 4301 beu.
1002 4237 1158 4300 XXXIX.
1180 4236 1237 4300 III.
1260 4237 1330 4300 Kal.
1354 4237 1505 4302 Octobris.
