3525 5209
465 390 695 447 Urkundenbuch
713 389 763 445 der
781 389 864 445 Stadt
881 388 987 443 Erinrh
1023 388 1064 443 11.
1080 386 1168 443 meu.
1433 386 1467 440 'l'i

155 544 245 608 dubo
272 546 307 607 in
337 544 397 607 alls
417 562 519 607 unssn
547 543 707 625 geriehierr
727 541 794 605 rmd
816 544 848 605 ln
871 542 932 605 alle
953 559 1055 604 unsen
1074 545 1192 603 vestan.
1235 538 1356 603 Geselre
1375 542 1468 620 ourh,

155 642 216 705 daz
240 660 339 704 unser
360 644 410 705 ein
434 641 465 703 bi
486 642 546 705 den
568 646 783 723 rorgenanlen
805 646 922 703 oashen
944 641 1013 701 iarn
1034 638 1093 701 abe
1113 639 1221 719 ginge‚
1242 638 1300 699 daz
1323 638 1354 699 in
1380 636 1468 702 Getis

154 740 273 822 gewalt
294 740 349 817 ist,
370 759 405 803 so
427 739 471 803 sal
494 740 550 803 der
570 740 702 818 andere,
722 738 777 801 der
790 735 994 814 dannelebii‚
1016 737 1077 799 den
1095 741 1309 817 rorgenanien
1330 735 1466 818 burgern

154 838 225 901 und
246 838 384 901 dorstat
405 857 464 901 neu
485 836 608 901 Erlorte
629 837 680 900 die
704 834 943 919 vorgesoribene
959 835 1033 897 rede
1051 834 1142 896 balde
1161 833 1365 916 aneargelisl„
1397 834 1469 898 Alle

156 937 228 1000 dise
248 937 323 999 rede
345 936 424 999 habe
446 938 505 998 wie
525 940 646 998 truwen
669 933 786 1017 gelobit
807 934 872 996 und
896 952 954 996 zcu
978 933 1038 996 den
1061 932 1195 1014 heiligen
1216 950 1370 1013 gesworn,
1391 940 1469 996 stete

157 1035 224 1097 und
254 1041 349 1117 gantz
382 1054 439 1097 zou
470 1033 603 1097 haldene
633 1031 930 1108 untnubroehliehe‚
958 1030 1023 1093 alse
1054 1028 1272 1113 rorgesorebin
1302 1035 1369 1093 slei,
1414 1030 1469 1093 Bie

156 1133 250 1195 deser
276 1132 521 1214 vorgeserebene
542 1131 616 1195 rode
634 1132 704 1193 sind
724 1134 843 1211 gewesi
864 1129 915 1192 die
934 1127 1024 1191 edeln
1046 1128 1158 1189 herren
1178 1146 1296 1207 greven
1314 1126 1467 1191 Heinrioh

157 1250 223 1293 ron
253 1230 485 1311 Byolrelingen‚
518 1246 613 1311 greve
641 1228 786 1291 Gunther
813 1246 874 1289 von
902 1224 1105 1303 Swnrtzburg
1132 1224 1189 1286 der
1216 1223 1336 1303 eldam,
1372 1244 1469 1307 greve

157 1326 327 1391 mederico
354 1346 417 1389 von
440 1326 659 1407 Bielrolingen,
677 1326 766 1388 berre
788 1342 847 1388 nou
872 1322 1070 1403 Roienburg,
1094 1340 1190 1404 greve
1210 1320 1375 1384 mederico
1405 1342 1469 1386 ron

159 1424 377 1508 Biohelingen‚
397 1425 508 1507 grevin
527 1422 703 1487 Henriohss
724 1442 781 1485 son
804 1423 859 1485 des
879 1428 1103 1504 vorgenanten‚
1123 1420 1189 1482 und
1211 1420 1262 1483 die
1281 1428 1469 1503 gestrengen

160 1524 271 1585 rittere
292 1521 442 1606 ludewig
460 1523 550 1585 herro
572 1542 630 1585 zou
652 1520 905 1596 Blanelrenhain‚
935 1520 1054 1583 (iernot
1074 1538 1136 1581 ron
1159 1517 1383 1598 Obirnwymar
1403 1520 1468 1581 und

123 1674 127 1681 .
158 1622 218 1683 der
239 1620 424 1684 besoheiden
449 1640 523 1683 man
538 1619 679 1683 Henrich
700 1638 763 1681 ron
777 1618 935 1681 Dratstete
959 1636 1038 1679 unse
1059 1616 1268 1696 sehulilreize,
1289 1617 1355 1679 und
1378 1617 1470 1680 andir

157 1719 271 1783 fromir
291 1719 359 1782 luis
377 1738 473 1801 gnug.
515 1718 580 1782 Czu
602 1719 690 1781 einer
711 1714 875 1780 uffenbarn
900 1720 1096 1799 vesienunge
1116 1714 1199 1778 dirre
1220 1714 1311 1793 rede,
1330 1733 1365 1777 so
1390 1715 1470 1778 habe

158 1819 219 1880 wir
238 1818 343 1880 disson
367 1816 432 1879 bril
448 1816 581 1899 gegebin
604 1815 754 1898 vorsigelt
775 1815 832 1877 mit
852 1833 956 1877 uuseu
978 1814 1162 1895 ingesigeln.
1195 1810 1261 1876 Daz
1285 1815 1311 1875 is
1331 1814 1468 1897 geseheu

161 1914 228 1978 und
250 1914 334 1977 dirre
354 1914 418 1977 brif
438 1916 478 1977 ist
497 1914 630 1997 gegebin
654 1915 734 1976 noch
746 1912 835 1976 Getis
854 1910 984 1995 geborte
1007 1917 1115 1973 luserit
1135 1912 1182 1973 iar
1202 1910 1402 1974 driehundirt
1422 1913 1470 1974 iar

159 2013 192 2074 in
227 2012 318 2075 deme
348 2012 399 2075 ein
429 2012 494 2075 und
523 2012 725 2095 drizzigisteu
752 2014 817 2074 iare
845 2032 885 2073 nn
915 2010 1006 2073 demo
1033 2009 1184 2072 nehesten
1213 2014 1359 2091 marriage
1387 2010 1469 2071 noeh
1561 2045 1565 2053 ·

162 2111 258 2173 deme
279 2114 492 2193 vorgenanien
514 2109 705 2173 aehezendin
727 2114 807 2191 tage.

159 2330 275 2414 1331.
302 2330 498 2412 Februar
524 2330 562 2411 5.
1403 2329 1469 2411 os.

272 2466 440 2540 Graues,
463 2464 588 2547 Gratim
603 2486 661 2529 oon
674 2464 906 2545 sacrararum,
928 2463 1036 2527 lurra
1047 2482 1089 2528 rm
1099 2462 1328 2543 Blmrkenherp,
1341 2463 1470 2527 Sebrid-

263 2563 500 2643 nersclrreilrunp
522 2565 580 2643 fiir
608 2564 659 2627 die
682 2567 861 2645 penunnien
883 2562 1036 2643 Μανίαν
1055 2560 1184 2641 Βᾱνρεν
1208 2560 1284 2624 iiber
1306 2566 1351 2625 33
1372 2562 1472 2627 Mori·

265 2661 379 2737 Sdber,
415 2662 467 2725 die
500 2683 533 2725 er
561 2662 654 2742 leuen
683 2663 741 2744 fiir·
767 2662 939 2743 pellesmes
968 2660 1106 2741 sorbiyes
1139 2657 1225 2721 Turb
1256 2661 1326 2722 aad
1355 2660 1473 2723 undae

272 2758 389 2823 Wnren
409 2758 573 2825 sualim.

318 2893 362 2948 Or.
380 2896 430 2947 mit
448 2896 468 2947 2
484 2894 511 2952 S.
530 2894 569 2947 im
587 2892 651 2963 Kpl.
663 2892 701 2948 H.
713 2892 752 2947 sl.
764 2895 798 2948 A.
816 2910 851 2947 ru
870 2892 1000 2948 maden.

322 2964 524 3032 Wonqenber'm,
544 2964 585 3023 11.
605 2966 655 3021 de.
674 2965 719 3017 Nr
737 2968 778 3020 42.

242 3084 311 3149 Nos
331 3085 527 3164 (lantherus¹
556 3083 614 3148 Dei
635 3086 740 3168 gracia
766 3104 872 3149 eomes
892 3086 932 3148 de
953 3086 1160 3169 Suamzburg
1181 3090 1300 3167 senior,
1321 3089 1472 3153 dominus

160 3188 195 3247 in
218 3183 454 3265 Blanlrenberg‚
480 3186 750 3266 recognoscimus,
780 3184 863 3268 quod
893 3192 1039 3248 tenemur
1060 3192 1091 3247 et
1111 3204 1224 3247 sumus
1252 3185 1380 3269 obligati
1401 3206 1472 3269 pro-

162 3282 246 3345 vidis
268 3287 300 3344 et
320 3281 530 3365 prudentibus
552 3281 743 3362 Heymanno
765 3282 804 3345 de
821 3282 936 3359 (iotha,
956 3282 1087 3366 Hugoni
1104 3282 1211 3364 Longo
1233 3290 1264 3345 et
1284 3282 1415 3346 Iohanni
1434 3285 1473 3349 de

161 3378 341 3450 Molhusen,
362 3379 485 3442 civibus
503 3378 757 3458 Eribrdensibus‚
783 3386 943 3443 eteorum
967 3379 1135 3443 heredibus
1157 3383 1190 3443 in
1209 3382 1337 3464 triginta
1358 3384 1473 3445 mareis

161 3478 235 3561 puri
257 3479 468 3560 argentinum
491 3477 593 3540 tribus
616 3480 729 3540 nrarois
744 3484 849 3560 preter
868 3477 1021 3541 fertonem
1043 3497 1140 3541 eausa
1160 3481 1265 3543 mutui
1284 3500 1339 3563 pro
1359 3482 1472 3562 pannis

161 3575 310 3637 ‹mloratis
320 3579 351 3637 et
362 3576 450 3637 vario
461 3594 554 3659 opere
564 3575 603 3637 ud
615 3575 729 3638 festum
745 3574 827 3638 beati
840 3574 1024 3638 Michahelis
1035 3576 1212 3659 archangeli
1232 3597 1319 3640 nuno
1331 3580 1472 3659 proxime

161 3674 349 3748 affuturum,
360 3674 449 3736 sieud
460 3673 594 3737 fideliler
605 3674 808 3756 promisimus
821 3678 852 3736 et
869 3673 902 3735 in
918 3673 979 3735 hiis
996 3674 1120 3757 seriptis
1133 3674 1333 3758 presentibus
1344 3675 1472 3759 promit-

161 3772 270 3849 timus,
288 3770 360 3832 dolo
371 3770 523 3834 etfraude
537 3772 672 3849 remotis,
687 3770 823 3834 finaliter
832 3771 1056 3854 persolvendis,
1066 3778 1239 3836 statuentes
1248 3774 1281 3835 in
1293 3774 1471 3836 cautionem

162 3870 331 3933 solutionis
353 3870 434 3932 dicte
455 3870 587 3952 pecunie
608 3867 778 3932 firmiorem
800 3868 1002 3933 fideiussores
1021 3872 1106 3933 viros
1128 3870 1250 3934 nobiles
1270 3879 1302 3934 et
1316 3877 1473 3949 strenuos,

163 3967 308 4031 ridelioel
321 3966 532 4045 Guntherum,
552 3968 698 4030 oomiiem
723 3968 760 4029 de
775 3964 1003 4046 Keverenbero‚
1024 3968 1229 4041 bliderioum,
1250 3968 1415 4031 dominum
1438 3970 1471 4031 in

163 4065 388 4147 Wnngeheim‚
409 4064 555 4128 Oltonem
578 4063 747 4142 deVanre‚
769 4065 1012 4128 Conemundnm
1035 4067 1073 4128 de
1094 4066 1325 4147 Studernheym
1350 4067 1473 4145 milites,

162 4164 343 4227 Goozonem
376 4163 570 4226 Sohindelrof
602 4168 633 4226 et
671 4162 854 4226 Berioldum
889 4164 927 4226 de
958 4162 1154 4243 Nezzelride,
1196 4167 1251 4246 qui
1292 4184 1347 4248 per
1377 4164 1472 4227 fidem

162 4262 310 4325 similiter
341 4282 438 4325 manu
471 4263 641 4325 coniuncta
674 4268 705 4324 et
733 4261 905 4325 insolidum
939 4281 1004 4325 una
1034 4262 1201 4324 nobiscum
1232 4271 1264 4325 et
1294 4282 1350 4345 pro
1381 4261 1473 4325 nobis

162 4362 277 4423 dietam
297 4361 462 4443 pecuniam
480 4360 572 4421 dietis
589 4358 796 4423 oreditoribus
810 4360 937 4442 prefatis
952 4360 1074 4422 solvere
1090 4359 1173 4422 bona
1188 4358 1250 4422 fide
1261 4361 1475 4444 promiserunt

162 4462 299 4521 termino
314 4464 486 4540 prenotato,
509 4458 603 4540 quod,
622 4459 648 4519 si
667 4459 780 4520 dictam
804 4458 969 4540 peouniam
988 4457 1300 4521 diotiscreditoribus
1316 4465 1472 4520 eteorum

163 4555 333 4620 heredibus
361 4555 483 4618 solvere
507 4556 663 4619 fuerimus
685 4556 879 4647 negligentes
902 4557 950 4618 rel
970 4556 1112 4635 remissi,
1136 4556 1222 4639 quod
1243 4555 1340 4635 absit,
1368 4555 1473 4637 elapso
