3525 5209
480 421 711 479 Urlrundenbuch
728 422 779 479 der
796 422 880 481 stadt
898 425 1001 480 Erfurt.
1038 423 1078 480 11.
1088 417 1175 484 Theil.
1431 426 1483 482 569

176 594 238 637 uon
261 573 474 658 prestabimus
495 593 553 639 nec
574 575 657 639 dictu
678 577 868 642 universitas
896 576 1046 662 prestabit
1074 577 1197 640 intruso
1220 578 1268 642 vel
1290 577 1480 642 intrudendo

178 673 307 737 forsitan
335 674 367 736 in
402 673 567 737 ecclesiam
594 673 814 755 llaguntinanr
844 677 1015 757 auxilium,
1047 675 1215 740 consilium
1252 676 1300 740 vel
1333 679 1481 760 favorem,

175 770 292 835 directe
322 772 370 836 vel
399 773 567 852 indirecte,
594 773 720 857 publice
749 775 798 838 vel
829 776 964 853 occulte,
1002 795 1098 859 super
1125 777 1330 859 occupatione
1352 777 1481 840 ecclesie

176 869 362 953 Magantine
400 877 509 934 contra
537 872 747 936 reverendum
779 882 898 956 patrem
930 875 1096 938 dominum
1125 872 1334 944 Ludovicuru,
1363 876 1482 939 archie-

176 971 342 1054 piscopum
372 969 610 1052 hlaguntinum,
638 976 670 1034 et
696 972 781 1052 quod
814 977 981 1055 postquam
1011 971 1093 1036 idem
1126 972 1274 1036 dominus
1302 973 1482 1038 hudovious

177 1087 234 1151 per
264 1068 419 1131 decanum
448 1078 479 1130 et
509 1068 682 1150 capitulum
712 1069 957 1152 Moguutiuense
991 1075 1025 1134 ut
1055 1071 1308 1154 archiepiscopus
1339 1078 1482 1156 receptus

176 1167 271 1231 luerit
292 1172 322 1230 et
343 1167 502 1230 admissus
522 1167 665 1249 pacifice,
686 1172 718 1230 et
739 1173 774 1231 ut
795 1170 834 1231 sil
848 1169 1100 1252 archiepiscopus
1113 1189 1169 1252 per
1178 1171 1314 1234 eundem
1327 1171 1482 1235 decanum

179 1269 212 1328 et
231 1265 407 1348 capitulum
428 1263 521 1327 nobis
541 1269 572 1327 et
592 1265 673 1328 dicte
696 1267 893 1330 universitati
909 1271 1119 1351 presentatus,
1141 1268 1226 1350 quod
1237 1274 1314 1332 tunc
1325 1268 1482 1332 stabimus

180 1363 336 1427 mandatis
360 1363 444 1427 sedis
464 1363 635 1447 apostolice
657 1383 752 1447 super
775 1365 849 1443 hiis,
870 1385 967 1450 super
994 1365 1112 1448 quibus
1132 1385 1298 1450 processus
1320 1387 1376 1451 pro
1397 1373 1483 1452 parte

179 1462 254 1525 dicti
277 1462 397 1525 domini
420 1459 570 1524 ludovici
593 1464 713 1525 ratione
733 1467 764 1525 et
787 1467 950 1527 occasione
972 1463 1088 1547 prefate
1109 1465 1240 1528 ecclesie
1254 1466 1485 1549 protenduntur

181 1561 253 1624 faeti
275 1565 306 1624 et
326 1560 503 1636 fulminati,
531 1564 562 1623 et
589 1561 672 1644 quod
702 1562 834 1642 vicario,
861 1581 916 1646 per
944 1565 1099 1646 prelatum
1125 1564 1333 1626 reverendum
1364 1569 1482 1647 patrem

180 1658 345 1722 dominum
364 1657 514 1720 Thomam
540 1660 668 1724 nomine
689 1660 771 1723 dicte
790 1661 875 1724 sedis
901 1661 1069 1744 apostolico
1090 1661 1121 1723 in
1145 1662 1228 1726 dicto
1249 1663 1341 1746 opido
1363 1668 1394 1726 et
1414 1663 1484 1726 eius

179 1758 324 1820 districtu
351 1757 497 1840 ponendo
518 1758 550 1819 in
577 1755 702 1821 iuribus
722 1758 1052 1842 archiepiscopalibus,
1080 1759 1180 1823 donec
1205 1760 1308 1824 dictus
1335 1760 1484 1824 domiuus

181 1856 377 1935 erdovicus,
411 1862 445 1918 ut
478 1856 685 1940 premittitur,
719 1863 864 1940 receptus
901 1857 997 1920 luerit
1027 1864 1057 1920 et
1091 1858 1265 1935 admissus,
1295 1858 1485 1943 parebimus

181 1957 298 2019 uostris
318 1960 424 2018 tamen
447 1962 479 2018 et
498 1954 581 2017 dicte
603 1953 818 2017 universitatis
836 1957 869 2018 in
891 1956 1054 2038 premissis
1072 1955 1220 2020 omnibus
1245 1976 1368 2041 semper
1390 1956 1485 2020 salvis

182 2053 369 2137 privilegiis,
425 2052 648 2136 indulgentiis,
690 2052 992 2132 consuetudinibus,
1034 2055 1172 2132 statutis,
1216 2053 1485 2134 concessionibus

182 2151 308 2216 iuribus
330 2157 361 2216 et
381 2151 605 2228 observantiis,
632 2169 689 2234 per
715 2151 828 2214 dictam
849 2150 1068 2235 Maguntiuam
1093 2151 1256 2215 ecclesiam
1284 2158 1339 2216 aut
1367 2154 1484 2216 archie-

180 2252 325 2334 piscopos
356 2249 561 2333 llaguutinos
589 2268 645 2331 pro
675 2255 815 2332 tempore
847 2251 1018 2313 existentes
1048 2248 1140 2311 nobis
1174 2248 1223 2312 vel
1254 2251 1370 2313 nostris
1398 2257 1485 2314 ante-

180 2348 359 2414 cessoribus
389 2352 445 2411 aut
471 2347 670 2411 universitati
697 2354 729 2412 et
756 2346 848 2432 opido
877 2347 1026 2432 predictis
1055 2349 1218 2431 promissis
1241 2348 1289 2412 vel
1311 2350 1484 2428 concessis3

181 2468 244 2532 que
264 2448 373 2511 omnia
392 2450 424 2510 et
445 2444 570 2528 singula
590 2445 624 2508 in
646 2466 705 2510 sua
723 2445 844 2510 roboris
864 2444 1012 2510 firmitate
1036 2464 1209 2526 romauere,
1240 2465 1298 2509 nec
1319 2451 1426 2509 contru
1449 2467 1486 2511 ea

181 2549 296 2611 dictam
317 2545 557 2630 promissionem
586 2544 679 2608 modo
707 2546 813 2628 aliquo
840 2544 989 2608 volumus
1019 2563 1052 2607 se
1081 2543 1216 2608 extendi.
1260 2542 1296 2607 ln
1325 2546 1418 2608 cuius
1441 2545 1485 2608 rei

180 2647 396 2711 testimonium
426 2650 457 2707 et
483 2662 539 2726 pro
568 2642 630 2707 lide
664 2649 695 2708 et
721 2644 867 2706 cautione
894 2644 1121 2726 premissorum
1146 2647 1323 2726 presentem
1352 2643 1484 2706 litteram

182 2745 284 2827 sigillo
320 2762 436 2826 magno
465 2741 548 2824 opidi
581 2747 613 2805 et
649 2742 863 2806 universitatis
895 2740 1105 2824 predictorum
1136 2741 1270 2804 fecimus
1294 2742 1486 2824 appensione

182 2844 310 2907 muniri.
352 2846 433 2905 Aeta
453 2845 485 2904 ct
508 2841 591 2903 tactu
610 2846 686 2904 sunt
706 2841 763 2904 hec
784 2841 816 2902 in
839 2839 931 2922 opido
956 2839 1135 2902 hlrlordeusi
1156 2837 1329 2917 antedicto,
1355 2859 1439 2901 anuo
1467 2861 1486 2902 c

181 2942 344 3006 nativitate
363 2939 492 3003 Domini
515 2937 554 3001 M.
567 2938 623 3002 CC.
635 2937 799 3002 LXXVII.
821 2939 871 3002 die
893 2937 964 3000 XV.
987 2939 1106 3002 mensis
1129 2937 1255 3021 Aprilis.

183 3165 286 3249 1377.
314 3161 439 3264 April
467 3161 529 3242 lo.
557 3161 721 3243 llrfurt.
1396 3160 1483 3242 782.

282 3303 348 3366 Der
364 3298 539 3382 populine
560 3297 707 3362 Nuntius
731 3298 866 3362 Tlronurs
887 3299 924 3362 dc
946 3298 1149 3361 Ammmrutis
1168 3299 1236 3364 heht
1256 3297 1317 3360 (terr
1340 3316 1396 3360 uou
1417 3297 1485 3360 dem

281 3400 448 3465 Kardinal
469 3401 583 3462 Petrus
603 3397 787 3460 Portucrrsis
808 3397 877 3460 crud
897 3397 965 3460 doru
986 3395 1175 3478 Errbischof
1190 3396 1325 3472 [nunu
1346 3394 1488 3457 liberetis

282 3500 372 3565 &aar
383 3500 500 3580 Erfurt
519 3496 802 3576 ermpesprocheuerr
813 3494 914 3558 Banu
933 3494 1084 3558 aurrdchst
1104 3496 1171 3577 auf
1186 3493 1364 3559 areidae-e
1375 3494 1450 3574 aas?

334 3619 378 3675 cr.
397 3617 447 3671 mc
466 3617 492 3670 u.
505 3615 533 3668 s.
552 3616 590 3668 rm
608 3612 670 3680 Kpl.
682 3612 720 3669 st.
735 3612 770 3668 A.
787 3627 823 3665 zu
835 3611 874 3664 ru.

262 3723 398 3788 'ihomas
438 3721 477 3785 de
516 3719 733 3797 Ammonatis,
776 3718 894 3782 electus
930 3718 1158 3798 Nimeciensis‚
1198 3719 1366 3801 apostolice
1403 3717 1486 3782 sedis

184 3824 323 3887 nuncius
352 3831 383 3885 et
412 3821 451 3884 ud
483 3818 682 3901 infrascripta
720 3818 959 3881 commissarius
997 3816 1036 3880 ab
1068 3817 1177 3880 eadem
1209 3816 1282 3880 sede
1312 3816 1488 3900 specialiter

183 3921 368 4004 deputatus,
389 3918 550 3983 universis
571 3923 602 3980 et
629 3917 763 3998 singulis
780 3913 962 3994 abbatibus,
985 3914 1158 4000 prioribus,
1181 3915 1360 3998 prepositis,
1387 3915 1487 3976 archi-

183 4021 339 4097 dinconis,
375 4018 515 4095 decanis,
551 4015 737 4092 scolasticis,
770 4012 968 4091 cantoribus,
996 4013 1217 4091 thesaurariis,
1244 4011 1429 4076 custodibus
1457 4018 1488 4075 et

182 4126 246 4182 tarn
289 4115 518 4180 kathedralium
565 4132 661 4195 quarn
710 4111 946 4193 collegiatarum
988 4111 1149 4174 canonicis
1189 4115 1220 4174 ot
1261 4109 1486 4193 parochialium

183 4217 387 4281 ecclesiarum
413 4213 603 4287 rectoribus,
639 4208 796 4292 plebanis,
826 4208 1054 4292 viceplebanis,
1081 4210 1222 4287 vicariis,
1250 4207 1488 4286 ebdomadariis,

182 4315 347 4391 altaristis,
372 4310 567 4396 presbiteris,
594 4308 716 4371 clericis
742 4313 773 4371 et
799 4309 930 4372 notariis
956 4303 1093 4390 publicis
1120 4306 1333 4389 omnibusque
1361 4305 1431 4368 aliis
1457 4311 1488 4368 et

183 4412 318 4496 singulis
340 4416 403 4473 tam
426 4409 549 4472 clericis
569 4426 665 4490 quarn
687 4406 787 4485 laicis,
810 4425 947 4488 quorum
970 4409 1100 4470 interest
1122 4406 1168 4469 vel
1192 4406 1333 4469 intererit
1354 4409 1384 4467 et
1407 4424 1487 4486 quos

182 4511 418 4593 infrascriptum
451 4508 551 4589 tangit
583 4506 749 4587 negocium
778 4523 833 4567 seu
874 4509 1002 4587 tangere
1039 4507 1151 4589 poterit
1182 4501 1417 4587 quomodolibet
1453 4503 1485 4564 in

183 4611 342 4687 futurum,
375 4605 508 4669 ubilibet
536 4603 729 4678 constitutis,
760 4603 893 4667 salutem
928 4604 960 4665 in
990 4601 1134 4666 Domino.
1182 4602 1231 4664 Ad
1264 4602 1487 4665 universorum
