3525 5209
279 347 331 403 128
633 343 908 417 Geechicbtsquellen
925 343 975 402 der
992 345 1073 405 Prov.
1093 345 1223 402 Sachsen.

279 498 382 561 taliter
401 495 568 559 interdicto
588 495 756 575 celebrare,
775 498 874 560 immo
895 498 1001 580 potius
1022 497 1217 580 prophanare
1233 499 1367 562 scienter
1379 500 1413 562 in
1429 505 1589 584 contemp-

279 603 349 660 tum
369 596 507 658 clavium
535 595 644 657 divina
665 595 767 658 officia
792 595 1032 678 presumebant,
1053 596 1192 659 iamdicti
1220 597 1473 680 archiepiscopus
1504 596 1591 662 Colo-

279 695 400 757 niensis
422 699 453 757 et
472 695 651 776 prepositus
672 692 853 756 Zetiicensis
879 693 1073 756 mandarunt
1097 699 1129 757 et
1147 694 1292 758 fecerunt
1311 695 1466 777 predictos
1487 693 1592 760 lirior-

279 793 394 856 denses
426 791 530 854 taliter
566 791 769 870 experientes,
807 793 1099 854 excommunicatos
1139 799 1170 855 et
1200 792 1440 876 irregularitatis
1477 793 1590 878 laqueo

278 891 439 953 involutos
456 909 512 972 per
531 895 633 952 certas
653 907 805 972 personas
824 888 966 968 ydoneos
986 891 1019 953 in
1041 890 1174 954 diversis
1195 892 1290 955 etiam
1311 891 1389 956 locis
1405 892 1590 956 solennibus

278 991 415 1071 partium
432 988 609 1050 vicinarum
628 986 755 1070 publice
771 987 921 1066 nuntiari,
936 1005 973 1050 ec
985 988 1126 1070 ipsorum
1139 987 1379 1053 Erfordensium
1391 993 1591 1055 contumacia

278 1093 309 1150 et
329 1086 448 1149 offensa
468 1083 733 1163 excrescentibus,
754 1083 985 1148 mandaverunt
1005 1103 1061 1168 per
1082 1086 1217 1169 prelatos
1238 1088 1382 1164 civimtis,
1406 1088 1539 1152 diocesis
1559 1099 1590 1152 et

279 1185 442 1268 provincie
463 1181 649 1265 Magantine
669 1189 701 1246 et
715 1183 850 1246 aliorum
869 1182 1011 1247 locorum
1033 1186 1126 1248 etiam
1149 1191 1238 1248 extra
1259 1185 1372 1249 dictmn
1394 1187 1589 1270 provinciam

277 1285 487 1351 existentibus
506 1288 539 1346 in
560 1303 670 1347 eorum
693 1285 892 1347 monasteriis
914 1291 944 1348 et
963 1286 1121 1366 ecclesiis,
1143 1287 1181 1349 ad
1204 1307 1267 1370 que
1286 1288 1337 1351 vel
1358 1307 1438 1371 quas
1458 1289 1588 1372 predicti

277 1384 544 1449 excommunicati
569 1383 716 1465 superius
748 1384 889 1464 expressi
920 1383 968 1445 vel
1001 1383 1116 1466 aliquis
1143 1386 1315 1449 eorundem
1344 1405 1378 1450 se
1403 1385 1589 1451 exhiberent

277 1485 327 1548 vel
349 1481 524 1560 exhiberet,
552 1499 673 1544 moram
701 1479 860 1543 traherent
890 1481 938 1542 vel
959 1481 1106 1562 traheret,
1135 1483 1195 1546 visi
1223 1483 1326 1546 forent
1354 1484 1403 1548 vel
1434 1485 1527 1565 toret,
1557 1490 1589 1548 et

277 1589 347 1666 post
376 1598 535 1644 recessum
572 1597 683 1640 eorum
719 1578 769 1640 vel
807 1577 937 1640 alterius
974 1597 1081 1641 eornm
1119 1598 1175 1662 per
1210 1581 1353 1644 triduum
1389 1583 1586 1650 strictissimo

276 1679 394 1743 servari
420 1676 668 1739 ecclesiasticum
693 1674 896 1738 interdictum
924 1681 954 1738 et
975 1693 1156 1756 processum
1184 1697 1240 1740 seu
1263 1679 1446 1742 mandatum
1476 1679 1587 1743 huius·

276 1777 362 1840 modi
373 1774 516 1838 fecerunt
527 1772 698 1836 solenniter
707 1771 868 1854 publicari,
879 1778 973 1854 prout
983 1774 1018 1835 in
1027 1774 1207 1856 patentibus
1218 1775 1329 1839 litteris
1338 1776 1377 1840 de
1389 1777 1587 1860 processibus

275 1893 332 1958 per
352 1873 451 1936 dictos
473 1871 741 1953 archiepiscopum
764 1869 984 1933 Coloniensem
1006 1877 1037 1933 et
1055 1873 1248 1954 prepositum
1266 1872 1470 1938 Zeflicensem
1492 1893 1587 1958 super

276 1973 337 2034 hiis
357 1970 474 2032 habitis
493 1976 525 2031 et
544 1969 695 2030 confectis
716 1985 826 2030 eorum
844 1967 955 2050 sigillis
976 1969 1109 2030 munitis
1122 1969 1248 2052 plenius
1268 1973 1468 2035 contineturl
1486 2007 1525 2018 --
1547 2007 1586 2018 -

376 2081 538 2147 Nacbdcm
573 2081 625 2144 die
655 2079 804 2144 Maiaaer
824 2080 1028 2161 Appellatioa
1063 2083 1329 2163 aardclrpaaoiesen
1368 2089 1411 2148 ist
1437 2085 1506 2150 aad
1536 2085 1588 2148 die

380 2180 488 2246 &aaa
516 2178 632 2243 Maiae
657 2179 726 2242 aad
750 2178 869 2260 Erfati
896 2177 964 2242 dem
991 2179 1172 2262 &abaciam
1202 2179 1354 2245 Heinrich
1380 2183 1587 2264 capeitorsam

375 2278 491 2342 bleibea
522 2278 592 2339 aad
619 2277 687 2339 dem
707 2275 894 2358 Erebisrbof
916 2275 1064 2339 Bottiaia
1095 2297 1153 2340 voa
1177 2277 1268 2342 Tricr
1289 2279 1467 2362 oabdnpea,
1485 2301 1519 2344 so
1539 2281 1586 2346 be.

377 2375 485 2456 sidtipt
510 2377 566 2438 tier
589 2371 688 2455 Popsi
712 2374 771 2438 das
792 2373 948 2438 interdilrt
967 2374 1042 2438 tiber
1070 2375 1131 2438 olle
1156 2373 1227 2439 Orte
1249 2377 1303 2440 der
1324 2377 1498 2458 Anbdaper
1517 2379 1586 2442 aad

380 2474 485 2538 obeso
512 2474 580 2536 tare
597 2471 915 2536 Ercommaailmiioa
942 2473 1011 2536 aad
1035 2473 1155 2553 fordert
1175 2475 1220 2538 sie
1239 2474 1396 2538 metante
1416 2479 1492 2558 aas,
1524 2497 1585 2540 oca

377 2572 476 2636 iliram
504 2570 713 2651 oppansam
734 2570 926 2634 (abradebat

423 2688 559 2755 &limma
577 2687 676 2745 deatl.
695 2687 758 2756 Περ.
776 2704 804 2740 a.
829 2687 930 2741 Urhht.
949 2687 972 2742 1.
991 2687 1025 2741 B.
1044 2705 1085 2742 ar.
1105 2693 1157 2755 18„
1178 2689 1236 2757 (ἕρ.
1258 2689 1343 2743 XXI.
1363 2689 1390 2745 S.
1408 2693 1468 2746 308.

352 2794 510 2864 ²Iiicbiiper
526 2795 575 2861 fiir
601 2790 794 2863 Oripeleyben.
822 2782 980 2861 ''Racbtiper
996 2795 1046 2860 fiir
1064 2791 1158 2848 Sohse.
1187 2795 1347 2863 ‘liicbtrpar
1372 2797 1422 2863 sdr
1440 2795 1582 2853 Sniverde.

276 2881 385 2953 ¹Verpl.
403 2881 446 2936 dic
462 2881 553 2950 abipsa
576 2880 677 2934 Urlcda.
697 2879 750 2934 Nr.
769 2883 804 2932 78
821 2897 848 2934 a.
869 2879 922 2938 Nr,
940 2884 985 2939 80,

273 3085 387 3168 1336.
414 3082 597 3167 october
623 3083 684 3165 ih.
713 3081 924 3180 avignon.
1497 3085 1582 3175 158.

372 3221 477 3300 Papst
494 3218 652 3282 Benedilat
678 3217 759 3281 ΧΠ.
784 3218 914 3282 coastat
941 3218 993 3282 die
1013 3239 1080 3284 oom
1101 3220 1288 3303 Erebismof
1312 3241 1371 3284 coa
1395 3220 1495 3298 Trier,
1517 3221 1585 3286 aaa

371 3316 504 3398 Kapitel
528 3337 569 3382 aa
591 3315 707 3380 Maias
732 3317 800 3379 aad
820 3315 889 3379 dem
910 3313 1025 3380 Dedan
1053 3317 1107 3380 des
1133 3317 1368 3400 Maricastifles
1393 3319 1428 3383 ia
1453 3319 1580 3400 &furt

373 3415 540 3478 Heroaaaa
574 3435 634 3478 oon
666 3413 784 3490 Bibra,
820 3434 916 3494 peperi
946 3415 997 3478 die
1028 3415 1097 3478 deta
1126 3417 1314 3499 Eribiscbof
1341 3415 1495 3482 Harmiai
1523 3437 1582 3482 von

373 3513 489 3581 Matar
508 3511 738 3590 aabdiaperadca
762 3511 950 3577 cabalaam
970 3513 1254 3594 caspesprorlaeaen
1275 3513 1412 3596 birotam.
1432 3531 1434 3536 ·

421 3629 550 3689 Schmidt.
570 3629 672 3696 Popat
698 3629 801 3686 Urkda.
819 3645 846 3682 u.
865 3628 928 3696 Ray.
949 3627 972 3682 I.
990 3627 1026 3686 B.
1045 3645 1088 3686 aar.
1105 3631 1147 3696 17,
1167 3629 1226 3698 GQ.
1236 3629 1262 3684 d.
1272 3630 1317 3684 Pr.
1328 3631 1356 3686 S.
1367 3630 1453 3690 XXI.
1472 3631 1570 3686 5305.

351 3735 544 3800 Benedictus
582 3736 748 3817 episcopus
787 3752 899 3796 servus
937 3753 1100 3796 servorum
1138 3733 1205 3798 Dei.
1262 3735 1314 3798 Ad
1349 3737 1490 3799 futuram
1535 3738 1581 3798 rei

271 3835 457 3897 memoriam
484 3833 605 3896 dudum
627 3851 669 3896 ex
689 3841 776 3914 parte
797 3831 982 3894 dilectorum
1005 3832 1144 3894 liliorum
1166 3833 1357 3916 prelatorum
1380 3834 1580 3917 quarundam

270 3933 505 4014 collegiatarum
521 3939 552 3994 et
569 3931 643 3994 cleri
661 3932 799 3993 civitatis
815 3938 846 3992 et
861 3929 994 3992 diocesis
1013 3929 1197 4012 Magantine
1214 3932 1254 3993 ad
1272 3931 1468 3995 audientiam
1480 3931 1580 3995 felicis

270 4031 493 4093 recordationis
514 4029 665 4092 Iohannis
684 4048 764 4112 pape
783 4027 893 4090 XXII.
929 4028 1155 4110 predecessoris
1177 4031 1290 4109 nostri,
1318 4029 1468 4110 deducto,
1495 4029 1580 4113 quod

269 4149 326 4212 pro
347 4149 398 4207 co,
426 4128 510 4211 quod
532 4127 608 4216 dieti
636 4127 744 4211 prelati
771 4132 801 4189 et
822 4126 926 4189 clerus
947 4126 1088 4188 eiusdem
1108 4126 1338 4210 predecessoris
1360 4133 1391 4190 et
1411 4127 1580 4210 apostolice

270 4226 354 4289 sedis
395 4226 568 4289 obediendo
608 4225 764 4288 mandatis
797 4220 1010 4287 venerabilem
1051 4223 1179 4286 fratrem
1221 4231 1364 4288 nostrum
1402 4223 1579 4289 Henricum

269 4325 539 4408 archiepiscopum
566 4322 792 4404 Magantinum
824 4329 890 4384 tam
918 4322 1028 4385 devote
1055 4330 1085 4396 et
1113 4321 1291 4401 humiliter,
1322 4331 1356 4385 ut
1383 4322 1580 4404 tenebantur,

269 4431 450 4506 receperant
484 4425 517 4484 in
555 4421 824 4504 archiepiscopum
859 4420 1034 4483 eorundem
1068 4419 1207 4502 sibique,
1247 4421 1329 4483 sicut
1362 4439 1437 4483 vero
1468 4439 1578 4484 eorum

269 4521 501 4604 archiepiscopo
526 4528 557 4583 et
581 4520 714 4602 pastori,
743 4517 942 4582 obedientem
970 4518 1162 4581 exhibebant
1180 4525 1211 4581 et
1230 4517 1456 4582 recusabant..
1478 4520 1578 4582 archi·
