3525 5209
282 375 334 429 360
647 372 921 442 Gesclricbtsquellen
940 371 989 428 der
1007 372 1087 430 Prov.
1098 371 1228 428 Sachsen.

282 525 529 609 supplicantium
549 525 669 602 merita
689 524 768 587 tides
787 528 818 586 et
840 522 994 606 obsequia
1014 522 1091 586 illud
1113 522 1341 588 rationabiliter
1360 529 1584 606 promerentur.

282 625 365 687 Saue
394 622 548 707 imperiali
569 623 723 687 maiestati
746 627 928 704 nostrapte
951 629 1037 704 parte
1059 622 1281 702 irregistrorum
1303 621 1486 699 consulum,
1514 641 1586 684 con-

282 723 390 785 sulum
424 741 461 784 ac
496 721 710 784 universitatis
743 720 862 782 civium
893 719 1030 782 civitatis
1062 717 1262 782 Ertordensis
1292 719 1454 783 humiliter
1487 721 1587 782 extitit

282 819 509 902 supplicatum,
530 824 688 899 quatenus
709 818 914 863 ---—-¹
935 817 1113 900 indulgere,
1135 817 1242 880 omnis
1263 837 1391 901 quoqne
1412 823 1443 880 et
1464 818 1586 900 singula

281 916 459 1000 privilegia,
494 916 629 994 litterar,
667 914 837 993 libertates,
868 915 998 996 gratias,
1028 915 1248 978 concessiones
1279 921 1310 978 et
1342 915 1586 980 consuetudines

281 1020 378 1098 atque
407 1015 495 1095 iura,
523 1035 541 1076 a
568 1013 650 1076 clare
678 1013 829 1076 memorio
851 1013 933 1076 divis
953 1011 1105 1076 Romanis
1130 1013 1372 1096 imperatoribus
1394 1035 1429 1078 ac
1450 1014 1587 1098 regibus,

282 1111 556 1195 predecessoribus
587 1113 719 1190 nostris,
748 1130 767 1173 a
796 1109 890 1173 uobis
924 1117 955 1174 et
983 1111 1115 1194 imperio
1145 1111 1222 1194 ipsis
1253 1112 1367 1175 tradita
1398 1147 1586 1158 --—-

282 1210 455 1296 approbare
484 1210 721 1274 benivolencius
751 1216 782 1272 et
807 1207 994 1272 confirmare
1015 1208 1053 1271 de
1075 1207 1246 1292 imperialis
1267 1216 1372 1274 nostre
1393 1210 1587 1274 celsitudinis

281 1311 383 1392 gratia
404 1310 614 1391 dignaremur.
655 1307 722 1371 Nos
744 1345 776 1352 -
792 1339 933 1351 —--
955 1311 1115 1388 tamquam
1135 1306 1336 1371 rationabiles
1355 1309 1499 1390 reddunt,
1518 1329 1587 1393 gra·

281 1408 392 1470 tiosius
416 1405 641 1485 admittendas,
671 1425 708 1468 ea
741 1411 866 1488 propter
900 1439 934 1448 -
953 1439 988 1447 -
1011 1439 1038 1446 -
1056 1437 1094 1445 -
1126 1405 1289 1468 occasione
1321 1407 1420 1470 nostri
1447 1411 1478 1469 et
1508 1407 1586 1470 sacri

281 1503 417 1568 Romam
457 1505 579 1586 imperii
615 1509 671 1566 aut
703 1504 1009 1585 archiepiscoporum
1044 1519 1100 1565 seu
1139 1503 1268 1566 ecclesie
1300 1501 1500 1586 Moguntine,
1533 1505 1587 1588 qui

281 1638 320 1646 -
334 1638 368 1647 —
384 1638 419 1647 -
433 1638 472 1645 —
494 1600 630 1684 predicte
650 1606 707 1664 aut
726 1600 839 1683 quevis
860 1635 898 1644 —
909 1633 949 1642 -
960 1634 999 1643 -
1008 1635 1047 1648 -
1068 1601 1168 1684 parati
1188 1599 1313 1681 fuerint,
1334 1601 1451 1666 eisdem
1472 1621 1587 1686 queru-

282 1699 422 1763 lantibus
442 1701 525 1762 facer
564 1734 688 1745 --—
701 1733 741 1743 -—
762 1697 1017 1778 consuetudines,
1038 1717 1101 1780 que
1123 1719 1141 1760 a
1162 1699 1253 1762 dictis
1274 1700 1356 1763 divis
1372 1697 1587 1763 Rumamrum

281 1797 526 1882 imperatoribus
546 1798 613 1860 sive
632 1795 775 1878 regibus,
795 1794 1070 1879 prodecessoribus
1093 1798 1222 1874 nostris,
1244 1817 1262 1859 a
1283 1797 1375 1860 nobis
1397 1805 1426 1862 at
1446 1800 1588 1882 imperio,

281 1914 407 1958 necnon
436 1895 586 1977 Turingie
620 1894 804 1978 lantgraviis
840 1894 1015 1977 ceterisque
1052 1900 1206 1957 terrarum
1238 1894 1376 1958 dominis
1415 1898 1587 1980 optinuisse

282 1998 474 2071 noscuntur,
510 1993 661 2056 hactenus
689 1993 722 2054 iu
757 1991 906 2054 omnibus
933 1991 999 2053 suis
1022 1990 1200 2070 tenoribus,
1228 1993 1408 2069 sententie,
1439 1994 1588 2072 arboulis,

283 2089 410 2176 punctis
423 2096 455 2154 et
469 2090 621 2153 clausulis
642 2091 682 2153 de
702 2088 798 2152 verbo
820 2089 858 2152 ad
881 2088 1023 2166 verbum,
1045 2094 1137 2171 prout
1156 2091 1271 2174 scripta
1293 2109 1350 2154 seu
1372 2091 1485 2175 scripte
1506 2096 1589 2168 sunt,

282 2209 318 2252 ac
345 2190 371 2251 si
400 2195 524 2252 tenores
550 2189 693 2251 omniurn
721 2188 824 2250 loreut
841 2188 950 2250 inserti
975 2186 1186 2269 presentibus,
1214 2189 1308 2251 etiam
1331 2188 1356 2252 si
1379 2189 1417 2252 de
1438 2190 1499 2253 biis
1520 2191 1589 2254 iure

282 2287 333 2350 vel
363 2286 593 2351 consuetudine
624 2286 751 2350 deberet
764 2285 847 2349 ·fieri
883 2285 1004 2348 mencio
1036 2285 1191 2368 specialis,
1220 2287 1404 2350 auctoritato
1434 2287 1588 2371 imperiali

282 2384 509 2471 approbamus,
541 2383 747 2465 ratificamus,
778 2385 982 2462 innovamus,
1011 2382 1228 2464 concedimus,
1256 2384 1460 2468 indulgemus
1490 2391 1521 2450 et
1550 2387 1589 2452 de

284 2482 437 2562 singulari
467 2488 573 2544 nostre
603 2480 806 2564 benignitatis
831 2481 933 2564 gratia
960 2500 996 2543 ac
1024 2479 1195 2564 imperialis
1215 2483 1376 2564 potestatis
1394 2483 1589 2566 plenitudine

282 2587 390 2642 tenore
420 2581 614 2662 presentium
644 2578 878 2643 confirmamus.
920 2577 1008 2641 Nrdli
1037 2597 1110 2660 ergo
1140 2581 1270 2665 omnino
1302 2579 1467 2644 hominum
1489 2581 1588 2652 liceat

282 2679 363 2740 hano
393 2684 499 2741 nostre
526 2679 738 2760 protectionis
768 2677 975 2753 defensionis,
1006 2674 1255 2760 approbationis,
1284 2676 1532 2742 confirmationis
1557 2687 1588 2744 et

282 2775 398 2840 indulti
423 2776 569 2858 pagiuam
593 2775 780 2857 infringere,
806 2776 857 2838 rel
878 2774 907 2837 ei
929 2776 1043 2858 quovis
1062 2793 1143 2838 ausu
1164 2775 1330 2839 temerario
1352 2777 1589 2860 quomodolibet

281 2873 443 2954 contraire,
465 2872 524 2937 sub
542 2892 624 2957 pena
640 2876 746 2956 gravis
762 2879 868 2936 nosue
885 2873 1117 2954 indignacionis
1133 2880 1164 2934 et
1185 2875 1418 2956 quinquaginta
1435 2873 1587 2939 librarum

282 2973 352 3035 auri
379 2973 464 3054 puri,
493 2991 572 3054 quas
602 2971 641 3032 ab
669 2991 722 3049 eo,
750 2973 806 3054 qui
826 2972 1045 3034 contravenire
1066 2971 1304 3053 presumpserit,
1331 2971 1588 3037 irremissibiliter

282 3069 366 3151 exigi
397 3069 563 3145 volumus,
594 3075 625 3131 et
655 3088 764 3131 earum
796 3069 994 3130 medietatem
1021 3069 1097 3130 tisco
1124 3068 1296 3151 imperialis
1322 3076 1429 3134 nostre
1457 3090 1588 3140 camere.

281 3166 439 3230 residuam
465 3185 538 3228 vero
558 3173 678 3249 partem
699 3167 850 3229 iniuriam
870 3185 1033 3249 passorum
1057 3165 1169 3229 usibus
1190 3165 1347 3249 applicari.

362 3262 494 3346 Signum
516 3264 709 3326 serenissimi
731 3265 881 3347 principis
907 3269 938 3327 et
959 3263 1092 3343 domini,
1112 3263 1233 3327 domini
1257 3261 1364 3327 Kuroli
1386 3268 1506 3349 quarti,
1527 3265 1587 3330 eo-

282 3381 448 3425 manorum
471 3363 681 3444 imperatoris,
702 3362 902 3425 invictissimi
923 3367 954 3425 et
973 3361 1191 3445 gloriosissimi
1213 3361 1342 3426 Boemie
1360 3365 1453 3446 regis.

359 3457 466 3522 Testes
493 3459 590 3522 buius
611 3460 656 3521 rei
677 3465 753 3523 sunt
774 3458 963 3524 venerabilis
984 3459 1149 3540 Gerlacus,
1169 3465 1277 3524 sancte
1297 3459 1381 3522 sedis
1404 3459 1587 3545 Moguutiue

281 3558 543 3640 archiepiscopus,
564 3557 644 3620 sacri
664 3558 791 3644 imperii
810 3578 867 3642 per
882 3557 1084 3622 Germaniam
1106 3557 1408 3640 archicancellarius,
1429 3561 1587 3643 magnifici

281 3655 440 3738 Repertus
461 3673 567 3717 comes
587 3654 746 3737 palatinus
765 3654 864 3736 Rani,
893 3655 1100 3738 archidapifer
1118 3661 1149 3718 et
1169 3655 1236 3718 dux
1258 3654 1404 3736 Baverie,
1432 3656 1586 3722 Rudollus

281 3753 349 3816 dux
369 3752 523 3831 Saxonis,
549 3753 845 3818 arclrimarescalcus
873 3755 953 3816 sacri
975 3752 1110 3816 Boium
1139 3753 1279 3836 imperii,
1306 3771 1428 3817 necnon
1454 3754 1587 3819 illustris

282 3850 380 3912 Bollro
392 3849 681 3934 Fallrenbergensis,
699 3850 800 3915 Bolko
813 3851 1003 3935 Opuliensis,
1023 3850 1181 3914 lohannes
1195 3849 1335 3935 Oppavie
1354 3857 1385 3914 et
1400 3851 1586 3916 Primislaus

279 3947 500 4012 Teschinensis
526 3949 622 4012 duces
653 3955 684 4012 et
715 3950 768 4012 alii
796 3969 894 4033 quam
925 3949 1040 4032 plures.
1088 3947 1292 4011 Prosencium
1324 3949 1383 4012 sub
1416 3951 1586 4032 imperialis

280 4053 387 4109 nostre
408 4048 580 4111 maiestatis
601 4047 703 4129 sigillo
725 4048 905 4111 testimonio
927 4046 1090 4110 literarum
1113 4046 1222 4109 datum
1243 4047 1276 4108 in
1291 4045 1320 4109 N
1324 4046 1481 4131 usenberg
1502 4068 1584 4112 anno

280 4142 411 4207 Domini
428 4144 595 4208 millesimo
612 4147 832 4209 uocantesimo
851 4145 1116 4228 quinquagesimo
1134 4144 1256 4227 quintu,
1276 4145 1449 4209 indictione
1468 4153 1586 4222 octava,

281 4240 353 4304 XV.
375 4240 444 4305 Kal.
467 4242 624 4321 Ianuarii,
656 4263 826 4325 regnorum
858 4248 1038 4306 nostrorum
1072 4261 1155 4305 anno
1188 4241 1326 4319 decimo,
1358 4243 1480 4326 imperii
1513 4264 1586 4308 vero

279 4341 389 4422 primo.
732 4341 793 4404 Per
813 4341 979 4404 dominum
1001 4339 1224 4403 cancellarium
1246 4337 1505 4420 IoEystetensis.

361 4470 371 4509 ¹
389 4471 461 4525 Hier
477 4473 536 4525 mad
553 4491 592 4525 an
609 4473 661 4526 den
678 4475 790 4542 dbripen
808 4473 857 4527 mit
875 4503 909 4511 -
919 4503 946 4512 —
964 4504 997 4512 η
1014 4473 1192 4526 bereicbmtau
1201 4472 1297 4526 Stellas
1318 4473 1586 4546 [lobaria-stimma

236 4588 240 4592 .
279 4543 329 4597 mit
346 4541 393 4596 der
415 4541 545 4597 maana
561 4544 683 4598 Na280.
