3525 5209
789 411 943 483 Nachtrag.
1466 413 1518 468 827

212 565 306 646 prout
327 560 422 626 habet
441 581 482 626 ex
503 561 750 642 consuetudine,
770 555 1022 628 animadvertere
1044 566 1172 647 poterit,
1198 566 1225 628 si
1247 565 1411 648 negligens
1431 563 1520 630 fieret

211 659 263 724 vel
282 662 455 740 remissus,
484 682 550 725 non
581 661 784 726 obstantibus
811 661 974 746 aliquibus
998 662 1174 747 privilegiis
1201 681 1259 726 seu
1287 663 1399 726 litteris
1420 664 1519 727 unde·

210 777 350 842 eumque
371 761 547 842 impetratis
576 779 633 824 seu
659 760 862 843 postmodum
881 761 1098 844 impetrandis,
1140 761 1183 826 Ut
1204 767 1311 824 autem
1332 760 1391 825 hee
1412 763 1520 825 omnia

210 857 309 921 robur
342 856 506 922 obtineant
542 865 693 943 perpetue
731 858 903 939 firmitatis,
936 866 1097 942 presentes
1127 859 1247 924 litteras
1282 859 1429 922 dedimus
1457 859 1518 923 sub

210 957 327 1021 nostris
367 957 479 1040 sigillis
520 957 756 1022 venerabilibus
795 956 934 1021 dominis
976 957 1093 1022 deceno
1134 963 1166 1021 et
1207 957 1343 1041 capitulo
1387 957 1518 1022 ecclesie

210 1054 404 1138 supradicte,
426 1055 576 1135 volentes,
596 1063 633 1120 ut
653 1056 762 1120 eedem
781 1056 884 1120 littere
904 1060 1012 1120 nostre
1033 1057 1098 1120 sint
1116 1074 1212 1140 super
1232 1055 1312 1119 iacto
1330 1055 1517 1120 huiusmodi

211 1152 374 1235 publicum
396 1155 654 1218 instrumentum.
694 1153 801 1219 Testes
828 1155 927 1218 huius
954 1160 1030 1218 sunt
1057 1153 1257 1218 honorabiles
1284 1155 1344 1217 viri
1366 1154 1511 1218 Andreas

209 1253 328 1316 montis
349 1254 451 1316 sancti
470 1253 573 1332 Petri,
599 1258 631 1316 et
650 1252 858 1334 Laurencins,
878 1254 980 1318 sancti
1002 1252 1109 1316 iacobi
1125 1251 1290 1317 Scotorum
1312 1254 1515 1317 ecelesiarum

211 1349 358 1432 abbates,
386 1351 596 1418 Hermannus
629 1351 669 1414 de
702 1351 849 1433 Glichen,
882 1353 1057 1416 canonicus
1091 1350 1313 1434 lilaguntinus,
1345 1351 1514 1416 Conradus

210 1450 352 1514 decanus
398 1456 429 1515 et
470 1450 655 1531 Vclmarus,
704 1454 815 1514 cantor
854 1451 986 1514 ecclesie
1026 1451 1127 1514 sancti
1168 1448 1276 1514 Severi
1316 1449 1391 1512 dicti
1429 1447 1515 1532 opidi

210 1547 428 1624 Eriordensis,
456 1549 553 1612 frater
588 1547 761 1613 Heinricus
797 1548 837 1612 de
870 1547 1063 1627 Hochheim,
1101 1548 1305 1632 provincialis
1339 1546 1520 1632 Thuringie,

209 1648 306 1710 irater
334 1645 501 1710 conradus
528 1648 566 1711 de
587 1645 759 1726 Mandem,
780 1646 1019 1710 commendator
1039 1647 1072 1709 in
1094 1645 1259 1729 Marburg,
1286 1647 1382 1710 frater
1402 1645 1519 1726 Sibcto,

209 1745 365 1829 plebanus
386 1748 503 1810 veteris
524 1748 661 1810 civitatis
682 1746 715 1808 in
737 1743 922 1822 llulhusen,
943 1743 1262 1824 fraterGothefridus‚
1282 1744 1519 1808 commendator

208 1845 241 1906 in
263 1843 425 1925 (irifstete,
445 1843 656 1928 Luthegerns,
678 1843 834 1927 plebanus
854 1844 890 1906 in
910 1841 1139 1924 Thuteleybin,
1164 1847 1194 1908 et
1216 1863 1313 1926 quam
1334 1843 1444 1925 plures
1465 1843 1516 1906 alii

208 1940 270 2005 fide
297 1941 403 2026 digni,
436 1943 475 2005 ad
509 1943 568 2005 heo
596 1943 698 2005 vocati
723 1943 842 2027 pariter
869 1946 901 2004 et
925 1943 1034 2023 rogati.
1082 1944 1164 2004 Acta
1190 1949 1267 2005 sunt
1289 1941 1348 2005 hec
1373 1940 1518 2008 Erfurdie

208 2061 294 2104 anno
315 2039 446 2104 Domini
461 2040 630 2104 millesimo
646 2041 865 2104 ducentesimo
881 2041 1099 2121 nonagesimo,
1113 2045 1203 2104 sexto
1219 2038 1327 2104 Nonas
1345 2041 1478 2104 Marcii.1

278 2174 288 2204 ¹
312 2173 370 2244 aaz.
389 2173 478 2232 nra.
524 2175 578 2228 ne
610 2155 839 2228 vesatasm
863 2175 909 2228 aa
935 2174 1034 2228 rana
1061 2175 1102 2229 ua
1127 2175 1175 2228 aar
1199 2175 1347 2230 sualane
1368 2175 1414 2230 aa
1435 2177 1518 2246 repa

208 2243 268 2297 und
288 2244 336 2298 der
358 2245 466 2314 Zeupea
490 2246 526 2300 ase
549 2246 697 2314 auffdlltp,
722 2246 760 2300 aab
783 2245 885 2299 erkldrt
902 2245 960 2299 siclt
979 2247 1041 2299 uber
1058 2245 1127 2298 woltl
1146 2245 1232 2298 durch
1249 2246 1301 2300 den
1319 2247 1518 2300 machedones

208 2316 427 2384 Jatresantanp,
447 2315 538 2368 imeae
554 2315 585 2369 iu
603 2315 684 2374 Nae
701 2315 749 2369 der
765 2320 809 2373 25.
822 2315 903 2368 Mdrz
920 2316 964 2368 ule
981 2315 1082 2370 soleber
1099 2333 1291 2384 uupeaaommen
1309 2318 1354 2384 ist,
1371 2313 1519 2387 ullcrdiu'ps

207 2402 288 2454 peperi
304 2385 348 2440 die
368 2385 558 2456 Gewobulteit,
574 2385 612 2440 du
628 2387 660 2440 iu
678 2386 781 2454 Ersm
799 2386 850 2440 due
866 2387 938 2442 daur
956 2388 1005 2440 mit
1029 2387 1221 2446 Weilmuebtcn
1238 2387 1348 2457 ὺεραηη.

207 2617 322 2701 1290.
1459 2625 1515 2707 ll.

307 2756 376 2822 Der
399 2757 465 2820 Rut
483 2777 524 2822 au
545 2757 668 2820 Liibeol
689 2757 930 2839 benuebriebtipt
950 2759 1010 2822 dou
1031 2757 1419 2841 ReiueleiuusMomewep
1442 2762 1517 2826 iiber

307 2857 358 2920 die
387 2877 447 2919 uon
480 2856 545 2919 ihm
580 2857 616 2918 iu
642 2855 815 2919 Fundere
845 2877 887 2921 au
915 2857 1151 2938 bescbuffendcu
1177 2857 1363 2939 Zubluuyeu
1392 2881 1436 2924 uu
1462 2862 1513 2926 die

304 2961 484 3036 percunctere
503 2955 655 3036 Erfurter
671 2955 806 3036 Bairqer.

363 3084 421 3141 UB.
439 3082 486 3138 der
503 3083 583 3138 Stude
600 3083 708 3137 Labecia
727 3082 805 3150 11,1.
841 3081 895 3142 Nr.
907 3087 949 3138 75.

287 3217 353 3280 Nos
380 3219 527 3282 eonsules
547 3217 743 3282 Lubicenses
770 3219 990 3300 significamus
1016 3220 1107 3284 vobis
1127 3219 1304 3286 Reinelroni
1328 3222 1511 3308 llorneweg

207 3316 291 3400 quod
319 3336 378 3379 nus
407 3323 554 3380 tenemur
579 3317 705 3380 civibus
725 3315 999 3396 Erfordiensibns,
1025 3319 1145 3382 scilicet
1164 3319 1326 3383 Thiderioo
1350 3322 1389 3384 de
1408 3323 1512 3387 Sande

207 3416 322 3477 seniori
356 3417 389 3477 in
423 3413 457 3478 L
488 3418 603 3479 marcis
630 3417 752 3497 argenti
776 3417 848 3498 puri
874 3424 907 3479 et
934 3416 1082 3481 Cunrado
1112 3417 1249 3482 Kolnere
1277 3421 1311 3482 in
1339 3420 1372 3483 L.
1401 3425 1515 3486 marcis

207 3516 328 3594 argenti
357 3515 430 3597 puri
454 3518 485 3577 et
513 3513 646 3577 Hinriuc
674 3513 813 3577 Osmunt
837 3516 872 3577 in
902 3513 935 3578 G.
958 3517 1072 3580 marcis
1096 3518 1216 3598 argenti
1239 3519 1325 3600 puri,
1354 3539 1434 3601 quas
1456 3520 1512 3584 00.

207 3631 329 3675 marcas
357 3611 471 3675 dabitis
501 3612 606 3675 laucbi
626 3611 744 3695 Brugis
766 3611 914 3676 Cunradc
935 3612 1075 3677 Kolnere
1096 3619 1127 3677 et
1148 3613 1278 3678 Alberto
1300 3622 1330 3680 et
1351 3616 1515 3680 Thiderico

206 3710 358 3774 fratribus
379 3712 453 3774 tiliis
475 3711 666 3794 Seghehardi
687 3712 726 3775 de
747 3709 914 3776 Lnbbelin.

287 3809 436 3872 Cirrrrado
457 3810 496 3874 de
522 3809 707 3874 Heresielde
735 3817 881 3874 tenemur
909 3812 944 3872 in
966 3809 998 3872 C.
1026 3811 1142 3874 marcis
1169 3813 1291 3894 argenti
1312 3814 1384 3895 puri
1408 3813 1514 3878 lacobi

204 3906 238 3967 in
262 3907 430 3988 tiandauc,
454 3927 534 3990 quas
555 3907 674 3971 ibidem
697 3907 784 3972 tollet
804 3929 845 3972 ex
865 3915 953 3992 parte
976 3929 1035 3970 sua
1054 3907 1209 3973 Hinricns
1229 3909 1339 3974 Reme.

287 4003 426 4067 Woltero
453 4004 640 4087 Kerlingere
668 4011 814 4069 tenemur
838 4008 872 4068 in
900 4005 1070 4070 LXXXX.
1097 4008 1212 4070 marcis
1238 4029 1303 4090 ep.
1330 4009 1449 4073 dandas
1478 4012 1511 4072 in

205 4102 285 4163 festo
307 4121 330 4164 s.
343 4101 452 4165 iacobi
470 4105 504 4166 in
524 4103 679 4167 Gandauc
700 4103 835 4168 Iordane
855 4103 962 4169 Reme.

284 4199 410 4263 'Philoni
441 4202 479 4264 de
512 4204 594 4264 Saxo
624 4208 656 4266 et
685 4201 833 4266 cunrado
865 4204 905 4267 de
935 4205 975 4267 Se
1007 4209 1037 4268 et
1070 4205 1198 4268 Andree
1232 4203 1298 4270 filio
1329 4206 1512 4270 Heidenrici

209 4307 355 4362 tenemur
388 4301 421 4361 in
449 4297 506 4363 OC.
533 4301 648 4363 mareis
674 4321 701 4366 a.
713 4321 740 4384 p.
875 4301 1008 4384 Brugis,
1035 4323 1090 4387 pro
1117 4303 1259 4387 qualibet
1285 4323 1390 4368 marea
1412 4304 1509 4368 Lllll.

205 4417 331 4478 grossos
353 4404 551 4462 turonenses.

282 4495 416 4560 Hinrico
437 4497 609 4560 Vizzedom
631 4504 664 4561 et
684 4498 878 4564 Gozschalco
900 4501 1003 4565 Parvo
1024 4502 1058 4564 iu
1080 4500 1137 4564 CO.
1160 4503 1274 4565 marcis
1294 4503 1417 4588 argenti
1439 4503 1510 4586 puri

206 4603 276 4657 octe
298 4595 412 4658 dicbus
434 4601 505 4678 pcst
526 4595 679 4659 Iohannis
702 4596 835 4662 babtiste
856 4597 974 4682 Brugis
995 4599 1229 4684 persolvendas.
