3525 5209
521 416 751 473 Urlrundenlruclr
771 417 820 474 der
836 419 920 476 Studt
939 419 1035 476 Erfurt
1071 421 1205 480 ILTheil.
1467 428 1518 482 599

216 635 326 720 retu.
356 639 607 739 September
631 641 670 724 4.
1424 648 1520 732 805.

317 775 488 853 dilectricis,
514 776 692 842 Baithesar
709 782 778 844 ulad
794 782 942 858 lldltelru,
964 784 1172 866 liuteriyrasml
1192 803 1233 849 ru
1251 784 1434 866 Ticiiriupen
1455 790 1517 862 eie,

315 873 486 950 detrimen,
515 876 590 938 (lass
617 877 661 940 sic
685 878 750 941 sich
773 881 828 943 mit
847 881 907 944 dere
932 882 1055 962 Grelen
1077 881 1231 946 Heinrich
1252 883 1321 946 clud
1341 883 1440 948 Ernst
1459 904 1518 948 ecre

318 970 465 1035 (iieicirere
486 994 588 1054 weyers
609 976 665 1038 (ier
685 977 744 1040 den
766 977 896 1042 Sidrlten
917 979 1049 1061 Erfurt,
1079 980 1296 1044 Melitensem
1323 983 1391 1046 und
1412 980 1517 1048 Nord-

314 1069 435 1134 luueseu
461 1072 633 1152 pelcisteteu
654 1074 755 1157 lliilfe
779 1076 922 1156 pdrrriielr
949 1079 1134 1158 aecepesdlmt
1153 1079 1260 1143 leuben.
1301 1078 1364 1144 Die
1393 1083 1518 1163 &nien

314 1170 512 1249 ‘rerepreclieu
538 1171 574 1234 in
596 1173 656 1234 ileu
683 1175 832 1238 udclmteu
855 1176 924 1239 drei
944 1175 1080 1252 Jnlren,
1107 1198 1139 1241 so
1165 1177 1257 1258 leupe
1281 1178 1340 1242 dus
1364 1178 1518 1242 Biindnis

316 1268 373 1329 urit
393 1270 453 1331 deu
475 1269 603 1334 Siddieu
623 1273 701 1336 reocle
721 1273 813 1350 stelit,
836 1275 917 1337 leucii
938 1275 997 1339 deu
1020 1276 1229 1358 luudprufen
1255 1296 1297 1342 zu
1317 1276 1429 1342 dienen
1450 1277 1518 1342 und

314 1385 355 1428 eu
375 1366 478 1447 lrels'eu
501 1368 596 1430 mide·
614 1372 807 1451 jedermuuu,
829 1373 910 1435 eeneii
932 1373 1061 1455 Adineos
1076 1375 1129 1436 des
1144 1374 1345 1440 Biiurluisses
1364 1375 1437 1440 aber
1456 1375 1521 1440 siet

315 1468 371 1531 mit
389 1469 540 1532 rrieruuud
560 1470 646 1533 uteie
664 1491 759 1551 peperi
778 1472 823 1534 sie
841 1491 882 1535 ru
904 1472 1080 1536 veririndeu.

297 1584 435 1664 Gepclren
456 1589 545 1648 1378
565 1606 617 1648 niu
639 1585 826 1650 maculetur
847 1587 927 1650 illicit
943 1586 1065 1666 'Epidii

368 1704 411 1756 Or.
432 1705 479 1756 ruit
497 1704 581 1757 eiuem
598 1705 678 1757 cerlir.
700 1705 727 1758 S.
746 1706 783 1756 itu
803 1705 926 1770 Grr'idiele
946 1703 1177 1760 Holmulolu'seleeu
1196 1706 1296 1762 Arclrir
1313 1723 1347 1761 eu
1367 1705 1496 1776 Oltrdrul.

366 1773 541 1843 Sepiltcmue
562 1774 633 1829 Hier.
648 1775 674 1834 d,
686 1775 812 1843 Grussclr.
827 1777 959 1846 Oleiclien,
979 1777 1006 1833 S.
1017 1781 1075 1832 129.

217 2041 327 2124 1378.
354 2041 544 2124 lllttlrlter
570 2043 604 2121 1.
631 2041 843 2140 Avlguou.
1425 2044 1520 2126 806.

317 2177 416 2257 idmst
449 2177 589 2242 Clericus
617 2177 689 2241 VH.
721 2177 900 2259 becelstrupl
937 2180 997 2241 ileu
1030 2179 1090 2242 ilbi
1128 2182 1181 2242 iles
1214 2179 1446 2245 Peterslcinsters
1480 2199 1522 2244 ru

315 2276 445 2355 Erfurt,
466 2277 526 2338 deu
548 2275 649 2340 Banu
669 2278 874 2357 aufruhebeu,
899 2279 932 2340 iu
955 2277 1083 2341 melchon
1104 2277 1155 2340 die
1176 2277 1267 2342 Sindi
1288 2277 1407 2358 Defert
1422 2277 1522 2341 duret

315 2375 375 2437 deu
397 2372 585 2455 Embiselrof
598 2374 734 2454 Ludwip
755 2375 930 2454 pelcommen
951 2396 1026 2438 *worn

367 2511 412 2563 Or.
431 2510 545 2564 mittier
564 2510 645 2565 Belle
661 2511 700 2564 im
718 2510 780 2580 Kpl.
792 2511 873 2565 Str.
892 2527 927 2564 ret
946 2512 983 2566 M.

296 2633 442 2697 Clemens
473 2635 653 2716 episeopus,
695 2654 806 2698 servus
844 2653 1008 2698 servorum
1041 2632 1113 2713 Dei,
1155 2635 1266 2697 dilecto
1306 2634 1371 2698 filio
1414 2634 1519 2699 abbati

214 2733 395 2794 monosterii
423 2734 522 2795 saneti
557 2732 639 2796 Petri
677 2732 889 2812 Eliordensis,
927 2732 1110 2816 Maguntine
1142 2732 1289 2810 diocesis,
1321 2733 1454 2797 sulutem
1490 2741 1521 2798 et

216 2829 416 2912 apostolicam
429 2829 689 2895 benedictionem.
731 2831 882 2894 Exhibite
894 2830 985 2894 uobis
1008 2851 1063 2913 pro
1080 2837 1167 2913 purte
1178 2830 1364 2894 dilectorum
1381 2830 1519 2896 filiorum

214 2927 457 3008 proconsulum,
477 2928 646 2990 consulum
672 2935 703 2992 et
723 2928 953 3011 oppidanorum
979 2928 1194 2992 universitatis
1223 2935 1254 2993 et
1284 2930 1520 2994 communitatis

214 3025 319 3108 oppidi
360 3023 570 3088 Ertiordensis
611 3027 818 3109 eiusdemque
857 3025 1058 3090 Eil'ordensis
1097 3028 1263 3090 hominum
1307 3028 1454 3090 territorii
1490 3034 1521 3090 et

214 3125 376 3187 districtus
399 3144 521 3187 necnon
543 3125 677 3188 eliorum
700 3130 885 3204 castrorum,
907 3125 1052 3188 villarum
1076 3133 1106 3188 et
1129 3125 1271 3188 locorum
1296 3126 1342 3188 eis
1368 3125 1520 3188 adheren-

215 3223 303 3301 tium,
326 3221 511 3303 Maguutine
532 3223 673 3297 diocesis,
702 3223 814 3303 peticio
839 3221 1036 3299 continebat,
1058 3222 1141 3305 quod
1175 3221 1274 3286 lelicis
1295 3222 1520 3286 recordationis

214 3322 384 3403 Gregorius
406 3341 486 3404 papa
507 3319 575 3398 XL,
596 3320 795 3402 predecessor
816 3325 935 3400 noster,
957 3323 1089 3404 cupiens
1116 3320 1323 3384 dissensionis
1345 3327 1376 3384 et
1396 3328 1520 3384 contro·
1592 3349 1595 3354 ’

216 3420 317 3481 versic
339 3419 517 3496 materiam,
539 3438 635 3501 quum
658 3437 752 3500 super
762 3420 832 3482 iure
841 3419 1127 3502 archiepiscopatus
1139 3418 1317 3500 Maguntiui
1332 3417 1520 3482 venerabilis

214 3518 310 3578 irater
331 3523 437 3578 noster
460 3515 634 3598 Adelphos
655 3535 741 3578 uunc
763 3517 1016 3600 archiepiscopus
1039 3516 1254 3600 MeguutinuS,
1280 3521 1310 3579 et
1331 3515 1520 3598 Ludovicus‚

215 3615 287 3676 olim
318 3615 570 3698 archiepiscopus
591 3613 815 3697 MeguntiunS,
841 3621 919 3678 tune
945 3617 1094 3698 temporis
1119 3613 1291 3693 habebant,
1317 3614 1355 3676 ud
1382 3615 1519 3680 invicem

212 3713 359 3796 pastorali
397 3713 596 3776 solicitudine
637 3719 814 3796 amputare,
847 3711 1004 3796 predictos
1035 3713 1209 3798 oppidanos
1243 3732 1279 3775 ac
1310 3713 1457 3776 territorii
1488 3720 1520 3777 et

213 3810 374 3874 districtus
395 3818 426 3873 et
452 3811 586 3874 eliorum
614 3810 755 3873 locorum
778 3810 990 3892 predictorum
1015 3811 1164 3892 homines,
1185 3810 1370 3874 adherentes
1391 3810 1519 3890 eisdem,

213 3908 312 3972 donee
340 3909 419 3970 t'oret
450 3909 579 3972 ecclesie
616 3907 801 3991 Mogontlne
839 3908 878 3970 de
912 3908 1095 3972 ulterutn'us
1133 3909 1345 3992 predictorum
1385 3927 1519 3992 persona

211 4007 387 4089 provisum,
410 4006 471 4069 sibi
496 4006 556 4070 sub
584 4027 642 4070 sua
663 4006 806 4070 custodia
831 4011 862 4070 et
890 4026 908 4068 a
933 4006 1150 4070 iurisdictione
1176 4006 1333 4069 ordinaria
1355 4006 1517 4089 usquead

212 4105 380 4187 apostolico
409 4104 493 4168 sedis
524 4105 755 4188 beneplacitum
788 4123 917 4186 prorsus
950 4109 1112 4187 exemptos
1145 4104 1206 4168 sub
1237 4103 1458 4168 ee1tism0dis
1486 4109 1518 4167 et

211 4203 341 4280 formis,
374 4208 466 4286 prout
497 4205 530 4266 in
565 4204 638 4266 dicti
671 4202 900 4286 predecessoris
933 4201 1044 4265 litteris
1075 4201 1149 4265 inde
1176 4203 1325 4266 confectis
1346 4200 1441 4265 latius
1462 4220 1517 4266 ex-

211 4301 360 4382 pressatis
381 4302 534 4364 contineri
557 4302 683 4379 dieitur,
705 4300 898 4383 mancipavit
918 4300 1013 4364 etiam
1034 4304 1065 4362 et
1085 4300 1215 4382 recepit,
1238 4298 1386 4382 quodque
1417 4298 1517 4363 dictos

211 4399 398 4482 oppidanos,
420 4400 563 4463 subditos
593 4406 761 4463 eteorum
787 4398 916 4481 opidum
939 4417 995 4480 pro
1017 4417 1069 4478 eo,
1100 4397 1184 4480 qnod
1215 4396 1356 4460 Romane
1377 4396 1516 4478 ecclesie,

210 4495 304 4559 nobis
324 4502 355 4559 et
375 4502 547 4560 memorato
569 4497 713 4580 Adelpho
741 4498 973 4580 archiepiscopo
1002 4495 1128 4559 obedire
1150 4495 1254 4557 cunuti
1280 4501 1355 4557 sunt
1376 4500 1516 4577 tempore

211 4595 374 4660 electionis
394 4600 425 4658 et
446 4599 552 4680 postea
574 4596 612 4659 de
634 4597 735 4680 ipsius
756 4615 890 4680 persone
911 4595 950 4658 ed
971 4593 1085 4658 dietum
1109 4592 1327 4675 Maguutinom
1349 4592 1514 4658 ecelesiam
