3525 5209
497 331 724 389 ilrlrundenbueh
743 332 792 387 der
810 332 894 387 Stadt
912 332 1018 389 Ertnrt.
1054 332 1093 390 Ii.
1109 333 1193 389 Theil.
1467 341 1500 395 rt

295 481 513 557 anderemeits,
525 483 582 547 ibn
591 484 711 563 petetur
722 482 837 557 huden,
854 482 914 545 den
923 482 1069 564 Verirnus
1078 505 1137 548 oon
1151 483 1502 567 aasnitlnp,1eans

292 579 362 641 und
383 584 404 641 3
413 577 571 643 Haihnern
586 580 761 659 jdhrlirben
774 580 885 643 Zinses
903 602 961 644 von
972 584 1059 647 aner
1070 583 1211 666 Husean
1221 586 1373 669 Wenigen
1386 588 1499 651 Rethe

295 677 391 741 beche
416 677 516 740 durch
546 678 606 740 den
633 678 707 741 oben
734 684 912 756 percontere
935 678 1037 743 Rara·
1065 702 1110 745 nn
1137 682 1196 745 dos
1215 682 1363 763 Hospitol
1387 706 1429 748 au
1453 686 1499 747 be·

293 775 436 853 scarnen,
458 775 510 837 die
531 774 620 855 Hntc
641 776 710 839 rlcrn
731 776 896 856 Hospitole
913 778 1049 858 pertenet
1070 779 1155 844 tabe.

273 888 414 970 Zcupnr:
446 890 651 955 Hermannns
666 893 805 957 decanus
820 894 950 957 ecclesie
972 916 996 959 s.
1009 895 1107 959 Mario
1120 896 1327 973 Erfordensie,
1349 900 1499 963 Albertus
1519 919 1525 931 ·

187 987 365 1068 Wilhelmi,
389 989 487 1072 Apele
508 989 547 1052 de
570 990 792 1071 Netteleyben,
811 990 1021 1055 Theodericus
1043 998 1185 1057 notarius
1206 1002 1321 1060 noster.

273 1084 387 1149 Datum
410 1105 494 1150 arrnn
516 1085 644 1150 Domini
668 1087 1007 1167 mocerxxxvnh,
1030 1090 1091 1154 1110
1113 1091 1181 1156 Kal.
1205 1094 1360 1157 daunarii.

341 1201 407 1255 &nr
424 1202 542 1257 becchit'd.
555 1202 600 1257 Or.
619 1206 670 1257 mit
688 1206 767 1257 aerbr.
778 1204 804 1257 S.
824 1206 860 1257 im
882 1206 915 1261 E.
930 1208 960 1260 A.
998 1209 1008 1235 ³
1026 1207 1213 1265 Beach.8telle.

189 1376 300 1458 1327.
328 1378 566 1459 December
592 1378 658 1460 30.
1434 1388 1496 1469 67.

289 1510 353 1574 Die
373 1512 502 1575 Brrider
524 1512 708 1577 theoderirh
729 1518 797 1578 und
819 1517 965 1593 llerhrld,
992 1518 1143 1582 Vitahnne
1161 1540 1220 1581 von
1241 1520 1404 1598 Appoldm
1433 1541 1498 1585 ver·-

288 1610 408 1691 lronfen
427 1631 471 1673 aa
495 1610 639 1675 Gdnther
660 1634 718 1676 von
740 1614 902 1688 Arnstcte,
933 1616 1091 1679 Vorsteher
1111 1616 1165 1678 des
1187 1616 1497 1697 Mortinshospilales

288 1709 323 1770 in
353 1708 485 1790 Erfurt
518 1712 593 1773 aurci
622 1709 734 1790 Pfund
754 1712 910 1792 Plenuipe
933 1714 1003 1775 und
1024 1714 1108 1777 serbe
1131 1713 1299 1793 Schill‘inpe
1321 1715 1495 1793 jdhrlr'chen

288 1804 398 1869 Zinses
420 1827 476 1869 nora
498 1808 584 1869 einer
606 1807 696 1889 Haase
714 1828 756 1872 aa
774 1810 952 1891 Apfelstedt
971 1830 1031 1873 zur
1050 1832 1153 1874 neuen
1178 1813 1388 1893 Eiarirbtunp
1411 1816 1496 1878 einer

298 1904 424 1969 Vilrarr‘e
444 1906 480 1967 in
500 1907 569 1967 derra
586 1910 765 1986 penannlea
786 1905 958 1987 Hospiluie.

341 2024 385 2076 Or.
395 2023 444 2075 mit
460 2026 480 2077 2
497 2022 570 2079 Sina
591 2024 783 2093 (transtra-aopi.
795 2024 833 2078 St,
847 2028 879 2083 Α,
889 2043 923 2077 ru
951 2026 1073 2079 Weimar.

274 2126 309 2189 ln
338 2129 467 2190 nomine
493 2125 620 2190 Domini
649 2148 750 2191 amen.
803 2130 869 2191 Nus
895 2130 1103 2193 Theodericus
1131 2137 1162 2193 et
1191 2130 1358 2196 Bertoldus
1383 2135 1497 2199 fratres

189 2226 380 2288 vicedomini
409 2225 447 2287 de
476 2226 616 2308 Appolde
643 2229 898 2309 recognoscimus
924 2238 1032 2290 tenore
1058 2231 1249 2311 presentium
1276 2231 1401 2312 publice
1425 2254 1495 2316 pro-

184 2324 327 2405 litentes,
356 2327 441 2409 quod
470 2327 508 2389 de
537 2326 620 2390 buna
649 2328 810 2390 voluntate
840 2327 1064 2407 legittimarum
1092 2334 1270 2390 nostrarum
1292 2348 1329 2391 ac
1349 2333 1492 2394 omnium

185 2424 337 2487 heredum
357 2435 535 2488 nostrornm
553 2426 632 2489 duas
650 2424 746 2487 libras
761 2425 962 2485 denariorum
980 2422 1219 2486 Eriordensium
1236 2431 1267 2488 et
1282 2425 1361 2489 duos
1377 2428 1494 2492 solidos

184 2540 293 2584 annue
326 2523 489 2605 pensionis
519 2523 557 2585 de
578 2542 643 2586 uno
665 2540 775 2584 rnanso
797 2522 855 2584 sito
877 2523 909 2582 in
931 2522 1051 2603 campis
1073 2520 1147 2584 ville
1167 2522 1339 2604 Aphelste²
1359 2526 1494 2607 singulis

183 2621 279 2682 annis
317 2622 400 2683 eirca
436 2621 552 2684 festum
591 2620 672 2683 beati
712 2618 908 2696 MichaheliS,
954 2637 1010 2699 per
1044 2618 1172 2681 colonos
1207 2621 1350 2683 eiusdem
1390 2626 1491 2687 mansi

183 2717 344 2798 pagamlos
379 2725 410 2780 et
436 2719 611 2796 solvendos,
640 2716 867 2780 rationabiliter
893 2718 1006 2779 etrite
1033 2716 1235 2779 vendidimus
1262 2718 1425 2783 (lunthero
1453 2723 1492 2783 de

183 2817 347 2895 Arnstete,
372 2818 521 2897 magistro
543 2816 703 2898 hospitalis
730 2835 754 2879 s,
777 2814 905 2877 Martini
928 2815 960 2875 in
981 2813 1137 2892 Erl‘ordia,
1160 2816 1288 2877 nomine
1310 2834 1365 2879 seu
1392 2822 1492 2898 gratia

182 2913 300 2974 vicarie
328 2913 445 2975 ibidem
472 2916 506 2975 in
536 2914 678 2997 hospitali
707 2913 746 2977 de
776 2932 857 2975 novo
887 2931 942 2995 per
971 2914 1077 2994 ipsum
1106 2911 1280 2974 instaurate
1303 2932 1340 2975 ae
1360 2914 1491 2979 fimdate

181 3009 323 3092 legitime
348 3013 464 3073 ementi
491 3031 547 3093 pro
575 3013 685 3094 viginti
714 3010 802 3073 libris
829 3011 1031 3072 denariorum
1052 3008 1291 3072 Eriordensium
1311 3017 1341 3072 et
1362 3014 1491 3093 triginta

182 3106 292 3171 solidis
319 3108 520 3171 denariorum
548 3110 721 3172 eorundem
747 3107 840 3170 nobis
867 3106 1062 3188 integraliter
1091 3107 1278 3185 numeratis,
1308 3108 1431 3171 traditis
1460 3121 1490 3173 et

181 3206 311 3283 solutis,
338 3224 434 3288 quam
463 3206 590 3289 quidem
622 3208 804 3290 pensionem
834 3206 917 3269 idem
940 3205 1124 3267 (lantherus
1144 3212 1267 3287 emptor
1287 3206 1327 3269 ad
1349 3207 1411 3268 vite
1432 3227 1489 3269 sue

181 3312 322 3386 ternpore
348 3304 482 3385 singulis
512 3306 605 3367 annis
634 3306 782 3388 percipiet
808 3305 840 3365 in
870 3323 950 3366 usus
977 3322 1053 3365 suos
1072 3303 1216 3386 proprios
1236 3305 1489 3366 convertendam.

182 3401 357 3484 Postquam
374 3410 481 3465 antem
496 3402 659 3465 voluntate
680 3402 865 3484 disponente
885 3400 994 3463 divina
1013 3399 1052 3461 de
1067 3399 1171 3463 medic
1185 3398 1330 3463 sublatus
1341 3403 1489 3481 extiterit,

181 3499 265 3563 dicta
303 3502 412 3582 pensio
450 3520 513 3564 una
549 3520 622 3563 eum
660 3518 769 3563 manso
800 3499 938 3581 predicto
970 3497 1008 3561 ad
1040 3502 1246 3560 memoratam
1276 3499 1425 3561 vicariam
1458 3508 1489 3563 et
1530 3550 1534 3557 .

181 3598 216 3659 in
249 3618 329 3661 usus
353 3647 380 3662 ..
401 3600 511 3661 vicarii
541 3617 598 3662 seu
628 3598 755 3660 rectoris
775 3598 876 3679 ipsius
899 3595 1029 3675 vicarie,
1062 3596 1247 3678 quicunque
1267 3615 1323 3678 pro
1348 3603 1487 3679 tempore

179 3695 288 3772 fuerit,
316 3702 465 3779 perpetue
494 3697 684 3759 devolvetur.
730 3693 848 3757 Verum
876 3714 949 3757 curn
977 3693 1080 3755 dictus
1108 3711 1240 3755 mansus
1265 3693 1303 3754 ad
1334 3712 1392 3755 nos
1417 3696 1488 3757 inre

180 3795 378 3877 proprietatis
409 3796 590 3876 pertineret,
619 3793 692 3856 inde
721 3797 784 3868 est,
816 3792 900 3874 quod
928 3810 988 3853 nos
1018 3791 1210 3853 unanimiter
1238 3790 1374 3852 eundem
1398 3811 1486 3853 man·

179 3912 252 3954 sum
286 3893 402 3954 vicarie
431 3891 567 3974 predicte
597 3892 868 3975 appropriavimus
896 3894 927 3952 et
953 3891 987 3951 in
1018 3887 1217 3971 presentibus
1248 3888 1503 3971 approprianrus’

178 3992 266 4053 omni
289 3991 371 4067 iure,
393 3989 478 4071 quod
499 3990 531 4051 in
554 3991 621 4071 ipso
644 4008 755 4050 manso
777 4005 905 4069 quoquo
928 3988 1019 4050 modo
1040 3986 1225 4064 habuimus,
1250 3985 1348 4048 libere
1368 4005 1485 4049 renun-

177 4089 299 4151 ciantes
318 4094 350 4150 et
367 4105 449 4166 vere,
470 4087 593 4150 nullum
610 4088 661 4149 ius
678 4086 770 4149 nobis
787 4090 841 4149 aut
857 4087 974 4149 nostris
994 4084 1162 4148 heredibus
1183 4085 1215 4145 in
1241 4085 1350 4146 eodem
1374 4104 1484 4147 manso

178 4186 210 4248 in
233 4194 392 4269 posterum
423 4192 632 4264 reservantes,
662 4184 802 4247 volentes
824 4184 917 4247 etiarn
940 4182 1054 4245 dictam
1077 4183 1225 4245 vicariam
1253 4201 1307 4243 sen
1332 4189 1482 4245 rectorem

178 4284 280 4365 ipsius
312 4284 351 4345 de
383 4302 493 4346 manso
526 4290 557 4345 et
586 4284 738 4367 pensione
769 4300 805 4343 ac
836 4281 1086 4364 appropriatione
1117 4279 1264 4364 predictis
1291 4279 1485 4343 iusticialiter

177 4380 360 4444 warandare
379 4396 409 4443 et
429 4379 467 4443 ab
486 4382 571 4443 onrni
594 4380 792 4463 inrpeticione
817 4378 921 4441 salvos
942 4378 1071 4441 reddere
1092 4380 1218 4461 penitus
1237 4384 1269 4441 et
1289 4377 1483 4460 indempnes

176 4479 213 4543 in
231 4498 369 4563 quorum
386 4480 529 4555 omnium
548 4485 579 4541 et
600 4477 797 4561 singulorum
820 4478 1037 4539 testimouium
1057 4478 1283 4563 premissorum
1307 4480 1481 4561 presentem
