3525 5209
307 378 344 445 ,28
666 373 940 445 Geschichtsquellen
957 373 1007 429 der
1024 372 1105 431 Prov.
1124 372 1256 433 sichen.

311 528 456 605 termine,
478 544 538 589 nos
559 544 625 589 una
656 546 727 589 cunr
756 526 873 589 nostris
901 525 1168 608 consponsoribns
1198 524 1310 587 moniti
1336 522 1512 587 Erfurdiam
1540 522 1616 586 snb-

308 624 508 698 intrabimus,
529 623 717 706 obstegium‚
739 630 775 687 ut
795 625 892 685 rnoris
918 629 976 702 est,
1001 623 1079 687 inibi
1102 621 1272 698 servaturi,
1299 621 1373 685 iude
1398 640 1464 715 non
1489 622 1618 697 exituri,

308 724 369 785 nisi
392 724 537 805 primitus
559 724 693 805 pecunia
714 720 864 804 prelibata
888 722 984 783 luerit
1004 721 1096 783 dietis
1117 719 1325 783 creditoribus
1345 726 1507 783 eteorum
1528 720 1617 783 bere·

307 819 401 883 dibus
431 819 624 901 integraliter
650 820 818 901 persoluta
862 816 898 881 ln
926 819 1023 881 liuius
1050 820 1094 881 rei
1121 818 1311 881 evidentiam
1337 825 1369 881 et
1392 816 1615 881 certitudinem

306 916 490 1000 ampliorem
504 917 583 979 lianc
596 925 733 979 nostram
751 916 871 978 literam
884 922 1040 999 patentem
1053 916 1189 998 desuper
1198 916 1372 979 confectam
1390 922 1496 979 nostro
1511 913 1616 996 sigillo

306 1016 440 1079 fecimus
461 1015 649 1077 communiri
672 1016 705 1077 iu
724 1014 942 1077 testimouium
965 1032 1060 1095 super
1083 1032 1129 1077 eo.
1180 1013 1247 1077 Nos
1277 1015 1374 1096 igitur
1403 1021 1616 1059 -----

307 1112 509 1177 fideiussores
530 1112 658 1195 predicti
682 1132 719 1174 ea
740 1112 846 1174 ornnia
868 1119 899 1175 et
919 1110 1046 1191 singula
1067 1112 1137 1173 sine
1158 1111 1229 1175 delo
1251 1118 1318 1175 rata
1338 1118 1446 1175 tenere
1465 1109 1526 1174 sub
1542 1108 1615 1173 fidei

308 1216 412 1273 nostre
428 1210 610 1273 constancia
620 1228 720 1271 manu
730 1210 900 1272 coniuncta
914 1214 944 1270 et
957 1208 1127 1271 insolidum
1139 1208 1352 1289 promittimus
1363 1214 1394 1271 et
1412 1206 1616 1291 spondemus,

306 1308 519 1391 appendentes
541 1313 648 1370 nostra
669 1307 770 1389 sigilla
790 1306 990 1389 presentibus
1012 1308 1044 1369 iu
1067 1307 1284 1369 testimonium
1313 1305 1444 1369 evidens
1469 1306 1615 1367 omnium

308 1407 541 1488 premissorum.
569 1403 687 1468 Datum
709 1412 740 1467 et
760 1412 866 1467 actum
886 1424 972 1467 anno
983 1400 1111 1467 Domini
1132 1400 1410 1481 ld⁰COO⁰XXXI⁰¹
1430 1402 1616 1465 feriatercia

308 1505 451 1586 proxima
473 1509 544 1585 post
564 1503 676 1566 festum
700 1503 929 1586 purificationis
951 1502 1039 1565 beate
1060 1500 1159 1564 Marie
1179 1501 1311 1583 virginis
1331 1500 1474 1580 gloriose.

377 1602 387 1627 l
407 1600 476 1655 Hier
494 1601 583 1669 {elpes
600 1600 643 1653 die
662 1600 770 1654 Numen
788 1600 835 1653 der
853 1601 918 1653 oben
933 1605 1088 1669 pemnnoen
1105 1598 1227 1667 Biirpem

312 1739 419 1821 1331.
447 1738 642 1820 Februar
669 1740 735 1821 20.
1546 1737 1614 1818 se.

409 1874 515 1937 Basso
535 1894 594 1937 voa
615 1874 809 1955 Quercforie,
833 1874 918 1937 Herr
934 1894 975 1937 zu
987 1872 1104 1949 Nebrc,
1125 1875 1195 1937 read
1213 1872 1401 1948 Mecbtr'ldis,
1422 1872 1483 1951 pel).
1498 1875 1615 1952 Griifi-rr

409 1992 467 2035 oon
492 1970 697 2048 &laertiade
719 1972 803 2035 scine
826 1972 1011 2053 Hamsfrcu,
1036 1973 1208 2054 velociter
1229 1972 1297 2035 dem
1317 1971 1469 2051 Erfcrler
1490 1970 1617 2051 Beirper

408 2070 546 2133 liora-rud
567 2068 762 2132 Hotermaun
784 2070 843 2131 dus
865 2070 992 2132 Gericbt
1014 2090 1054 2133 zu
1079 2068 1244 2145 Ttotoorn,
1264 2070 1332 2131 llere
1350 2068 1528 2147 Einb'infte
1547 2070 1616 2133 und

408 2169 508 2247 eiaipe
524 2166 607 2248 Hiife
627 2166 768 2243 doselbsl,
790 2167 975 2248 ribereipnen
995 2168 1069 2229 aber
1089 2170 1156 2248 aas
1171 2165 1309 2231 ll⁷unscb
1329 2169 1383 2231 des
1399 2166 1546 2247 Kdusezs
1566 2167 1618 2229 die

407 2270 582 2345 pencrrntcn
606 2264 706 2328 (suver
725 2265 793 2327 dem
814 2264 1004 2345 Severisiisle
1022 2285 1064 2328 en
1084 2266 1210 2346 Erfurl.

461 2364 505 2419 Or.
523 2366 562 2419 im
580 2364 617 2417 D.
631 2365 663 2424 A,
683 2364 710 2417 S.
722 2364 747 2418 d.

390 2470 427 2533 In
449 2472 578 2533 nomine
599 2468 726 2533 Domini
756 2490 856 2534 amen.
912 2471 976 2533 Nos
997 2469 1101 2533 Bbsso
1127 2470 1167 2533 de
1188 2469 1384 2544 Quernlorte,
1410 2471 1560 2533 dominus
1582 2472 1615 2533 in

309 2568 440 2646 Nebere
462 2576 492 2631 et
523 2566 720 2631 Meohthildis
753 2588 834 2631 uxor
864 2590 923 2631 sua
954 2569 1114 2651 legittima,
1150 2567 1216 2631 filia
1251 2567 1410 2652 quondam
1440 2568 1616 2631 Hermanni

308 2668 432 2730 comitis
453 2668 491 2729 de
512 2665 723 2745 Orlemunde,
744 2667 863 2731 domini
886 2668 919 2728 in
944 2666 1085 2746 Wynrar‚
1105 2669 1360 2747 recognoscimus
1379 2686 1436 2748 per
1456 2672 1617 2749 presentes

309 2764 427 2827 litteras
453 2770 484 2826 et
511 2764 549 2826 ad
578 2765 801 2827 universorum
828 2770 893 2827 tam
920 2767 1118 2846 presencium
1141 2784 1237 2846 quarn
1264 2769 1445 2827 luturorum
1469 2766 1616 2828 volumus

308 2862 456 2925 noticiam
490 2864 670 2944 pervenire,
703 2861 788 2944 rpuod
825 2862 1074 2925 iurisdictionem
1106 2863 1308 2944 temporalem
1338 2882 1394 2925 seu
1427 2862 1551 2925 civilem
1583 2864 1615 2925 in

311 2960 386 3021 villa
404 2966 435 3022 et
456 2960 576 3042 eampis
596 2980 652 3022 seu
675 2960 819 3022 districtu
842 2960 917 3021 ville
928 2959 1067 3023 Talborn-
1082 2980 1157 3023 cum
1178 2960 1503 3023 onruiiurisdictione
1523 2981 1617 3044 sang-

310 3060 419 3137 winis,
444 3076 506 3139 que
535 3057 706 3138 vulgariter
732 3058 848 3121 dicitur
868 3057 939 3119 ebir
959 3058 1027 3121 hals
1048 3058 1114 3121 und
1136 3057 1205 3129 ebir
1226 3059 1314 3138 hant,
1343 3078 1467 3122 necnon
1489 3078 1616 3123 mansos

309 3162 389 3218 terre
415 3153 542 3219 arabilis
568 3175 640 3217 cnm
673 3156 790 3219 annuis
816 3155 1022 3237 pensionibus
1049 3156 1208 3238 perpetuis
1234 3157 1266 3217 in
1298 3157 1418 3238 campis
1440 3156 1522 3219 dicte
1543 3157 1616 3220 ville

309 3256 385 3316 sitos
407 3272 442 3315 ac
464 3254 568 3317 curias
590 3256 622 3315 in
646 3253 753 3315 eadem
783 3252 856 3315 villa
882 3255 967 3329 sitas,
988 3254 1182 3335 specificatus
1207 3254 1339 3316 inlerius
1360 3261 1392 3317 et
1416 3254 1617 3337 subscriptos,

309 3355 363 3435 qui
387 3351 513 3433 quidem
538 3354 649 3430 mansi,
669 3352 756 3413 curie
777 3356 808 3413 et
827 3351 1003 3413 iurisdictio
1023 3372 1096 3414 curn
1116 3351 1265 3415 omnibns
1287 3354 1354 3415 suis
1375 3354 1577 3435 pertinenciis
1597 3372 1616 3413 a

311 3447 469 3511 nobilibus
488 3450 563 3509 viris
574 3448 736 3511 llredcrico
754 3456 783 3511 et
796 3447 1151 3529 Hermannofratribus,
1171 3450 1341 3513 comitibus
1361 3450 1401 3513 de
1412 3449 1616 3528 Orlamunde,

310 3546 446 3609 dominis
468 3547 500 3607 in
525 3546 670 3627 Wymar,
695 3548 823 3608 sororiis
854 3549 953 3609 nostri
976 3547 1130 3609 Bussenis
1160 3555 1191 3610 et
1215 3548 1366 3611 fratribus
1386 3553 1493 3611 nostre
1512 3547 1616 3612 liech-

310 3642 429 3720 thirsis,
460 3644 533 3706 olim
567 3660 746 3725 processere
771 3646 803 3707 iu
839 3644 988 3722 leuduni,
1019 3664 1105 3708 nunc
1135 3646 1173 3707 ad
1202 3666 1261 3708 nos
1295 3647 1493 3728 proprietatis
1523 3646 1614 3708 titulo

310 3743 511 3824 pertinentes,
532 3742 571 3804 de
592 3761 741 3824 expressa
757 3742 839 3804 bona
856 3742 1017 3804 voluntate
1037 3762 1074 3805 ac
1094 3762 1251 3806 cerrsensn
1269 3743 1422 3825 legittimo
1443 3743 1615 3807 eorundem

311 3838 464 3903 diederici
483 3846 514 3901 et
527 3838 703 3903 Herrnanni
718 3841 869 3903 sternitum
892 3839 1093 3903 vendidimus
1106 3846 1137 3902 et
1149 3840 1316 3903 vendimus
1338 3843 1421 3905 iusta
1437 3841 1616 3905 venditione

309 3944 340 4001 et
360 3938 513 4017 legittima
534 3940 567 3999 in
590 3938 649 3999 biis
671 3940 794 4021 scriptis
816 3940 882 4001 viro
904 3938 1039 4001 discreto
1057 3938 1199 4001 Conrado
1216 3938 1298 4001 dieto
1319 3938 1507 4002 llotterman
1529 3939 1616 4015 laico,

310 4036 465 4119 oppidano
486 4035 677 4111 llri'ordensi,
698 4043 729 4098 et
751 4038 818 4099 suis
842 4035 1009 4098 heredibus
1031 4037 1070 4099 ad
1092 4036 1274 4112 tenendum,
1295 4038 1520 4119 possidendum
1542 4056 1615 4103 cum

310 4134 459 4197 ‹nrrnibus
472 4134 604 4209 iuribus,
626 4135 750 4201 bonore.
772 4134 913 4197 libertate
931 4141 962 4195 et
986 4135 1126 4210 utilitate,
1147 4136 1266 4219 quibus
1286 4136 1326 4199 ad
1348 4155 1406 4198 nos
1428 4136 1615 4218 pertinuere,

310 4239 340 4293 et
361 4233 513 4315 quicquid
540 4233 599 4295 sibi
628 4240 659 4295 et
687 4234 754 4295 suis
781 4232 949 4295 heredibus
977 4233 1128 4315 placuerit
1153 4236 1192 4296 de
1220 4236 1311 4298 dictis
1339 4232 1432 4297 bonis
1459 4235 1615 4315 perpetuis

311 4330 504 4413 temporibus
532 4331 728 4405 faciendum,
766 4350 822 4414 pro
855 4333 1028 4413 nonaginta
1057 4339 1089 4395 et
1125 4333 1227 4395 tribus
1257 4333 1372 4394 marcis
1402 4333 1511 4394 rninns
1552 4349 1616 4393 uno

310 4416 430 4491 t'ertone
452 4430 522 4511 puri
550 4436 580 4491 et
602 4428 710 4512 legalis
732 4430 863 4511 argenti,
883 4429 976 4493 nobis
1003 4448 1059 4511 per
1078 4432 1258 4493 Conradurn
1286 4436 1460 4511 emptorem
1488 4429 1617 4511 pagetis

310 4527 491 4611 ponderatis
523 4532 554 4591 et
580 4526 718 4609 plenarie
748 4526 929 4609 'persolutis
985 4526 1129 4593 Ceterum
1157 4528 1379 4612 proprietatem
1405 4529 1615 4612 predictorum
