3525 5209
674 396 949 470 Geachichtsquellen
967 396 1017 453 der
1034 396 1115 457 Prov.
1129 395 1260 456 Sachsen.

305 596 331 610 ..
355 546 477 611 nobiles
508 556 538 612 et
564 548 642 613 alios
670 550 815 614 homines
836 550 1004 635 populares
1030 552 1198 633 utriusque
1219 569 1317 614 sexus
1337 552 1371 613 in
1393 548 1612 633 spiritualibus

307 644 396 709 vobis
424 645 597 725 subiectos,
623 667 703 730 quos
732 655 763 711 et.
789 668 846 711 nos
868 649 1052 712 auctoritate
1073 649 1240 731 apostolica
1262 650 1295 710 in
1317 648 1379 711 biis
1400 650 1524 730 scriptis
1546 668 1613 710 am·

307 762 473 807 monemus
489 743 549 807 sub
560 762 642 828 pena
658 748 1004 823 excommunicationis,
1020 766 1117 829 quam
1134 748 1219 829 ipsos
1231 752 1262 809 et
1272 746 1445 829 quemlibet
1461 748 1612 829 ipsorum,

306 843 332 903 si
355 848 460 905 nostre
477 843 647 905 monioioni
669 863 741 906 oum
763 843 962 907 effectu'non
984 846 1153 927 paruerint,
1173 846 1326 907 canonica
1346 846 1524 907 municione
1543 862 1611 925 pre·

307 942 418 1019 missa,
443 940 505 1003 late
526 942 681 1003 sententie
709 943 741 1003 iu
764 942 825 1004 hiis
854 943 978 1024 scriptis
1005 942 1166 1004 incurrere
1191 942 1340 1005 volumus
1361 944 1428 1025 ipso
1449 941 1545 1019 facto,
1570 960 1612 1003 ne

308 1038 454 1123 predictis
475 1039 633 1121 magistris
654 1038 833 1117 consulum,
854 1038 1041 1102 consulibus
1063 1046 1094 1103 et
1116 1039 1288 1103 rectoribus
1309 1060 1345 1102 ac
1367 1039 1551 1102 Hermanno
1572 1040 1611 1101 de

307 1136 432 1219 Bybera
452 1135 591 1219 predicto
613 1138 904 1214 excommnnicatis,
925 1142 961 1199 ut
979 1138 1157 1221 predicitur,
1177 1138 1320 1211 emendo,
1331 1138 1496 1200 vendendo
1507 1137 1611 1200 debita

305 1242 360 1299 aut
385 1236 553 1317 pensiones
578 1233 628 1296 vel
653 1233 794 1297 redditus
821 1235 867 1313 eis
894 1234 1060 1312 solvendo,
1085 1237 1243 1299 civitatem
1266 1235 1487 1298 Erfurdensem
1515 1255 1611 1298 causa

305 1334 473 1416 emptionis
498 1330 548 1394 vel
574 1330 765 1395 venditionis
789 1352 1055 1415 quarumcunque
1075 1352 1181 1397 rerum
1201 1334 1251 1396 vel
1271 1332 1492 1416 frequentandi
1514 1332 1612 1395 eccle·

306 1431 429 1493 siastioa
461 1428 509 1491 vel
540 1427 693 1491 secularia
717 1429 834 1491 iudicia
857 1430 1049 1508 accedendo,
1079 1430 1127 1493 vel
1153 1431 1215 1494 alio
1242 1433 1356 1512 quovis
1376 1432 1611 1493 communionis

263 1545 264 1556 ¹
304 1546 419 1611 genere
438 1526 681 1606 communicent,
702 1524 756 1589 sed
777 1542 887 1590 ornnes
910 1528 995 1611 ipsos
1010 1534 1042 1591 et
1057 1527 1200 1607 singulos
1216 1538 1379 1611 tamquam
1391 1529 1610 1591 exeommuni-

307 1638 391 1687 catos
412 1644 431 1685 a
451 1622 524 1687 sede
541 1622 711 1706 apostolica
731 1630 762 1686 et
784 1625 1004 1688 mandatorum
1022 1639 1129 1689 sancte
1144 1646 1274 1689 romane
1289 1626 1419 1690 ecclesie
1428 1628 1610 1689 temerarios

305 1730 552 1804 transgressores
584 1720 731 1783 studeant
756 1728 867 1784 exacta
898 1722 1060 1805 diligentia
1089 1725 1222 1803 evitare,
1255 1744 1296 1787 ne
1327 1742 1437 1788 eorum
1465 1726 1610 1802 contagio

305 1818 518 1895 maculentur,
548 1823 579 1881 et
606 1818 691 1897 quod
717 1823 841 1902 propter
868 1838 978 1882 eorum
1005 1820 1209 1883 insolenciam
1230 1828 1261 1884 et
1281 1821 1411 1905 predicti
1432 1821 1609 1884 Hermanni

306 1917 344 1980 de
367 1915 491 1997 Bybera
511 1915 721 1995 tyrannidem,
742 1935 837 1996 quam
861 1918 966 1999 ipsum
988 1919 1175 2000 permittunt
1195 1926 1305 1982 contra
1326 1919 1506 1983 obedientes
1528 1919 1610 1982 sedis

305 2014 472 2097 apostolice
493 2019 524 2077 et
544 2014 673 2097 predicti
695 2013 967 2077 dominiHeinrioi
984 2017 1208 2099 archiepiscopi
1227 2016 1407 2099 Hoguntini
1419 2020 1452 2079 in
1466 2016 1611 2080 Erfordia

304 2130 459 2191 exercere,
479 2113 564 2195 ipsos
586 2112 753 2194 magistros
770 2112 948 2189 consulum,
969 2115 1153 2177 ..consules
1164 2122 1195 2177 et
1208 2164 1215 2177 .
1230 2122 1383 2178 ‚rectores
1391 2115 1610 2192 Briordenses,

304 2218 341 2273 ut
358 2210 461 2273 adhuc
482 2208 521 2270 ab
543 2228 652 2272 eorum
673 2210 838 2273 manifesta
853 2210 1080 2291 inobedieneia,
1098 2212 1216 2275 offensa
1230 2221 1261 2276 et
1271 2213 1441 2277 rebellione
1458 2216 1611 2277 desistant

305 2316 336 2371 et
360 2307 509 2371 festinant
537 2308 652 2370 reverti
678 2306 716 2369 ad
744 2313 851 2370 sancte
878 2310 987 2372 matris
1007 2309 1137 2372 ecclesie
1159 2311 1327 2390 unionem,
1356 2332 1418 2374 non
1439 2332 1610 2395 possumus

305 2405 469 2469 commode
487 2404 589 2467 iacere
609 2405 642 2467 in
666 2402 810 2467 Hriordia
834 2409 1022 2484 ammoneri,
1049 2408 1197 2471 volumus
1226 2414 1257 2471 et
1284 2410 1463 2492 supradicta
1483 2429 1610 2472 excom-

305 2502 530 2567 municationis
548 2521 630 2586 pena
646 2504 830 2566 auctoritate
850 2505 1020 2586 apostolica
1039 2507 1229 2589 precipimus
1250 2513 1281 2569 et
1303 2509 1506 2587 mandamuS,
1533 2527 1609 2590 qua-

308 2610 399 2665 tenus
422 2618 485 2679 voe,
509 2602 564 2682 qui
588 2618 738 2683 supereo
760 2618 797 2663 ex
820 2606 907 2683 parte
927 2602 1056 2685 predicti
1076 2604 1300 2687 archiepiscopi
1316 2606 1439 2669 fueritis
1456 2606 1609 2689 requisiti,

308 2702 336 2762 in
356 2699 498 2782 proxima
518 2698 656 2781 generali
676 2698 797 2778 synodo
819 2702 1014 2781 prepositure
1034 2710 1142 2765 sancte
1163 2701 1261 2765 llario
1283 2702 1482 2767 Effordensis
1509 2706 1543 2767 in
1572 2724 1609 2768 eo

304 2796 383 2875 loco,
406 2795 458 2859 ubi
479 2803 557 2859 tuno
577 2796 673 2859 fuerit
693 2794 856 2873 celebrata,
878 2798 954 2879 quia
974 2806 1099 2881 propter
1115 2818 1228 2863 causas
1244 2800 1398 2884 predictas
1414 2822 1477 2865 non
1497 2804 1610 2885 poterit

304 2896 337 2957 in
358 2892 504 2958 Hrlordia
532 2894 698 2972 celebrari,
724 2896 809 2975 ipsos
837 2896 1005 2976 magistros
1032 2897 1217 2975 consulum,
1245 2900 1391 2963 eonsules
1418 2906 1449 2963 et
1472 2910 1609 2963 rectores

304 2992 458 3076 predictos
485 2991 610 3075 publice
637 2993 804 3071 moneatis,
830 3011 910 3074 quos
932 3000 963 3056 et
986 3012 1045 3056 nos
1065 2995 1097 3056 in
1120 2995 1181 3058 hiis
1202 2995 1313 3060 litteris
1335 2999 1518 3061 auctoritate
1537 3018 1608 3081 apo·

306 3091 414 3154 stolioa
434 3108 622 3154 amonemus
643 3094 674 3152 et
694 3090 752 3151 hoc
774 3088 917 3152 sufficere
938 3090 1146 3171 decrevimus,
1168 3094 1330 3174 presertim
1352 3114 1425 3157 oum
1447 3095 1608 3159 eoslatere

306 3208 369 3251 non
400 3187 511 3251 debeat
537 3205 641 3270 neque
669 3188 784 3270 possit,
811 3187 896 3269 quod
921 3189 954 3249 in
981 3193 1044 3251 tarn
1071 3191 1211 3271 generali
1235 3192 1356 3271 syuodo
1375 3198 1421 3256 tot
1441 3194 1607 3257 hominum

304 3284 435 3351 auribus
446 3284 631 3363 inculcatur,
652 3290 689 3347 nt
701 3290 820 3348 extunc
832 3284 914 3347 infra
924 3304 1065 3351 mensem
1085 3299 1181 3351 sirum
1197 3299 1456 3373 recognoscentes
1471 3310 1607 3355 errorem

305 3402 378 3447 oum
396 3383 606 3447 satisfactione
623 3381 727 3445 debita
742 3402 845 3445 coram
863 3382 1015 3447 nobisvel
1026 3387 1142 3449 nostris
1153 3389 1378 3451 commissoriis
1389 3396 1608 3471 protestentur,

304 3481 388 3564 qnod
410 3479 568 3564 prioribus
587 3481 702 3543 nostris
722 3482 821 3543 immo
838 3480 1018 3564 apostolicis
1039 3483 1142 3546 adhuc
1158 3484 1258 3547 velint
1280 3505 1354 3549 eum
1372 3486 1483 3551 effectu
1501 3506 1608 3571 parere

304 3578 460 3641 mandatis
491 3584 620 3641 etcum
652 3576 848 3641 absolutione
876 3578 980 3641 debita
1005 3582 1118 3643 reverti
1143 3579 1181 3644 ad
1208 3590 1314 3646 sancte
1340 3586 1449 3648 matris
1478 3585 1608 3649 ecclesie

304 3676 472 3755 unionem,
499 3674 639 3758 alioquin
663 3694 757 3758 super
776 3678 939 3759 premissis
960 3695 1071 3740 eorum
1093 3680 1275 3744 excessibus
1297 3683 1381 3765 ipsos
1402 3684 1497 3746 citare
1517 3702 1606 3747 cura-

305 3774 417 3851 vimus
440 3784 476 3836 ut
492 3792 525 3836 se
540 3772 708 3855 apostolico
722 3776 902 3856 conspectui
923 3782 1146 3858 representem,
1166 3778 1280 3841 tacturi
1302 3787 1333 3841 et
1353 3783 1506 3865 recepturi
1523 3784 1606 3865 quod

304 3872 428 3936 iusticia
455 3870 663 3955 persuadebit.
706 3869 851 3934 Ceterum
874 3873 958 3955 quod
979 3872 1164 3938 Hermanno
1186 3876 1225 3940 de
1245 3876 1383 3958 Bybera,
1409 3880 1605 3943 sacerdotum

305 3975 335 4033 et
355 3968 488 4033 aliorum
517 3968 703 4033 clericorum
727 3970 923 4052 captivatori,
943 3978 975 4033 et
994 3972 1135 4054 ipsorum
1155 3975 1188 4036 in
1211 3976 1347 4038 vinculis
1368 3980 1533 4040 temerario
1554 3978 1607 4041 de

303 4068 418 4131 tentori
440 4078 504 4132 ...⁰
525 4087 589 4131 non
616 4086 650 4130 re
672 4067 725 4131 sed
747 4069 876 4130 nomine
896 4068 1008 4131 clerico
1030 4072 1239 4135 consenciunt
1259 4074 1293 4135 in
1316 4076 1494 4156 premissis,
1516 4082 1548 4140 et
1568 4076 1606 4139 ad

304 4167 372 4249 ipsa
393 4170 531 4248 prestant
552 4165 719 4243 auxilium,
740 4164 909 4229 consilium
931 4173 962 4229 et
982 4168 1206 4249 iuramentum,
1227 4178 1257 4233 et
1271 4190 1327 4253 pro
1342 4172 1489 4254 predictis
1506 4176 1606 4237 mani·

303 4263 381 4327 testa
412 4262 624 4327 inobedientia
655 4270 685 4326 et
717 4262 887 4327 rebellione
919 4264 1090 4346 predictam
1121 4270 1458 4332 excommunicationis
1487 4271 1605 4334 domini

305 4362 403 4425 nostri
425 4378 503 4444 pape
524 4363 709 4425 sententiam
733 4362 831 4423 eciam
855 4361 1051 4436 inciderunt,
1073 4367 1303 4448 propterquod
1325 4375 1389 4430 tarn
1411 4369 1488 4450 ipsis
1510 4390 1605 4452 quam

305 4457 489 4523 Hermanno
512 4458 550 4522 de
571 4458 697 4541 Bybera
717 4458 853 4541 predicto
883 4466 960 4521 sunt
983 4470 1155 4543 proventus
1176 4464 1376 4528 ecclesiastici
1399 4469 1509 4530 merito
1533 4468 1605 4530 sub-

304 4556 456 4637 trahendi,
477 4574 550 4620 cum
570 4558 647 4641 ipsis
668 4554 783 4619 Christi
806 4554 947 4620 fidelium
970 4557 1142 4640 denegetur
1161 4563 1358 4641 communio,
1379 4566 1606 4631 committimus
