3525 5209
263 419 314 475 582
620 415 896 488 Geschichtsquellen
915 414 965 472 der
984 415 1064 474 Prov.
1084 416 1214 471 Sachsen.

263 569 302 634 ad
325 569 435 633 domos
456 568 691 633 habitacionum
716 569 827 632 decani
855 573 962 632 sancto
983 567 1081 632 Marte
1108 574 1139 632 et
1165 570 1389 633 carronicorum
1413 567 1567 632 dictarum

263 668 466 733 ecclesiarum
495 667 702 746 collocarunt,
735 669 790 750 qui
816 667 962 750 armigeri
989 665 1100 730 domos
1127 673 1158 731 et
1183 670 1398 751 possessiones
1421 669 1506 752 ipsas
1533 687 1569 730 ac

261 765 388 830 arbores
429 766 606 830 fructiferas
649 766 853 850 etirogerunt,
889 765 1056 829 diruerunt
1099 772 1130 829 et
1166 767 1392 850 exstirparunt,
1434 767 1569 851 parietes

264 869 416 946 ortorum,
437 866 619 947 pauimenta
642 864 808 928 domorum
830 871 861 928 et
880 864 1036 927 nonnulla
1049 863 1172 927 edificia
1183 865 1327 930 funditus
1337 867 1575 937 destruxerunt,

260 963 436 1046 prefatique
456 962 590 1046 opidani,
611 963 673 1026 hiis
693 963 796 1026 adhuc
814 982 877 1026 non
894 964 1040 1042 contenti,
1062 969 1252 1044 annuerunt,
1273 965 1571 1054 ymmoconsilium

260 1079 451 1125 consensum
486 1066 517 1124 et
543 1061 684 1124 favorem
714 1060 941 1140 adhibuerunt,
969 1067 1005 1124 ut
1036 1061 1195 1126 Hauricus
1217 1061 1321 1144 Boyer
1350 1063 1390 1127 de
1411 1063 1569 1146 Bepardia

264 1159 414 1242 prefatae,
437 1163 515 1221 tuuc
536 1156 676 1222 decanus
701 1159 831 1222 ecclesie
855 1158 1048 1242 Maguutiuu,
1071 1161 1255 1225 Giintherus
1277 1160 1314 1224 do
1335 1160 1570 1241 Rudesleybeu,

262 1257 435 1320 canonicus
464 1257 545 1320 dicte
573 1255 704 1320 ecclesie
724 1277 749 1320 s.
766 1255 881 1335 Marte,
910 1256 1027 1321 Henuo
1057 1260 1135 1322 alias
1160 1258 1318 1323 Iohannes
1346 1259 1385 1324 de
1409 1259 1567 1343 Beparten

260 1355 388 1434 laycae,
408 1353 567 1418 Iohannes
587 1352 732 1418 deCellis
751 1360 782 1418 ct
803 1353 962 1418 Iohannes
981 1355 1189 1438 Crepeuberg,
1210 1357 1366 1440 opidanus
1388 1357 1461 1420 dicti
1475 1357 1570 1440 opidi,

264 1451 390 1516 cosdem
414 1453 588 1531 decanum,
609 1455 776 1516 canonicos
797 1458 827 1516 et
846 1451 982 1535 capitula
1003 1452 1204 1518 ecclesiarum
1217 1452 1427 1538 predictarum
1451 1455 1517 1516 vini
1538 1459 1570 1518 ct

262 1550 346 1614 bladi
368 1551 600 1634 quantitatibus
620 1549 765 1614 strabus
793 1549 880 1626 aliis,
913 1551 944 1612 iu
977 1570 1086 1614 eorum
1117 1552 1264 1635 hospiciis
1300 1557 1331 1616 et
1362 1553 1569 1615 reservaculis

263 1668 387 1713 necnon
417 1649 573 1732 granariis
606 1649 706 1711 ceiam
738 1647 819 1710 inira
852 1653 940 1731 septa
967 1648 1169 1713 ecclesiarum
1196 1657 1226 1713 et
1254 1649 1328 1713 alibi
1358 1650 1569 1714 existentibus

262 1747 425 1831 usquead
448 1747 534 1810 mille
562 1747 806 1830 quingentarum
830 1744 1029 1809 marcharum
1053 1748 1123 1830 puri
1153 1750 1288 1831 argenti,
1314 1769 1437 1812 necnon
1458 1767 1569 1811 eorum

261 1845 403 1910 ecclesiis
422 1843 654 1928 parochialibus
674 1849 705 1906 et
725 1843 796 1906 aliis
818 1842 980 1908 beneficiis
1001 1844 1219 1909 ecclesiasticis
1249 1849 1368 1910 notorio
1394 1847 1571 1930 spoliarunt

262 1948 424 2008 eteorum
450 1942 579 2006 clericos
600 1941 831 2026 prophanantes
851 1942 885 2004 in
911 1941 1035 2005 easdem
1058 1943 1205 2006 eeclesias
1232 1951 1263 2007 et
1292 1943 1442 2007 beneficia
1469 1945 1570 2008 intru-

262 2046 383 2121 serunt,
405 2041 528 2124 aliquas
552 2041 653 2104 eciam
677 2039 850 2104 earundem
874 2040 1078 2105 ecclesiarum
1100 2042 1325 2123 parochialium
1355 2062 1427 2105 curn
1458 2063 1567 2106 earum

261 2144 417 2228 hospiciis
440 2148 472 2206 et
501 2141 628 2205 dotibus
655 2139 739 2221 ignis
771 2137 919 2202 incendio
955 2141 1101 2221 nequiter
1132 2145 1374 2203 concremarunt
1403 2146 1446 2218 ct,
1483 2141 1569 2223 quod

262 2240 479 2306 detestabilius
508 2245 568 2319 est,
599 2239 711 2324 prefati
741 2236 886 2321 opidani,
920 2241 956 2299 ut
994 2238 1054 2320 ipsi
1090 2237 1189 2300 dictare
1219 2237 1367 2301 ecclesias
1394 2257 1570 2321 earumque

262 2341 425 2404 ministros
446 2344 597 2422 perpetuo
618 2336 741 2401 exulari
763 2341 979 2420 procurarent,
1007 2337 1066 2418 ipsi
1089 2335 1129 2398 ad
1147 2336 1309 2399 ecclesiam
1334 2357 1358 2401 s.
1382 2337 1480 2400 Murio
1501 2356 1570 2420 prc-

262 2437 377 2500 dictam
414 2436 569 2500 hostiliter
612 2435 810 2512 accedentes,
849 2433 1049 2496 reseruacula
1088 2439 1119 2496 et
1158 2433 1340 2512 clausuras,
1383 2437 1416 2497 in
1451 2434 1570 2518 quibus

262 2535 445 2618 apostolica,
475 2533 652 2618 imperialia
680 2538 711 2596 et
736 2531 798 2595 alia
819 2531 993 2595 eorundem
1015 2531 1125 2595 decani
1157 2538 1187 2594 ct
1217 2532 1344 2615 capituli
1377 2537 1407 2596 et
1439 2533 1569 2596 ecclesie

261 2633 427 2716 privilegia
446 2631 566 2696 recludi
586 2635 836 2708 consueverunt,
866 2629 1020 2693 violenter
1046 2636 1076 2693 ct
1102 2649 1199 2692 mauu
1222 2632 1339 2713 potenti
1368 2637 1571 2712 aperuerunt,

261 2730 483 2813 confregerunt
503 2749 539 2793 ac
567 2728 794 2793 destruxerunt
821 2734 864 2807 et,
896 2735 932 2790 ut
963 2727 1046 2791 idem
1079 2727 1206 2812 opidani
1239 2727 1322 2790 mula
1355 2729 1446 2792 malis
1477 2750 1570 2794 accu-

262 2827 435 2908 mularent,
455 2829 517 2912 ipsi
537 2825 703 2910 inprovide
723 2831 824 2890 certas
844 2845 1012 2908 personas,
1033 2826 1221 2909 presbiteros
1242 2831 1273 2889 ct
1294 2826 1423 2890 clericos
1448 2846 1569 2908 eourur,

262 2927 388 3011 propria
417 2927 615 3003 auctoritate,
651 2943 761 3005 ymmo
795 2923 955 3006 quoddam
991 2924 1225 3006 inprovideucie
1262 2923 1382 2988 lubrico
1416 2926 1567 2991 instinctu

263 3023 471 3108 deputarunt,
503 3023 732 3086 ordinaverunt
772 3030 804 3085 et
845 3027 1040 3100 statuerunt,
1081 3024 1148 3108 qui
1178 3025 1317 3106 ipsorum
1361 3023 1569 3107 opidanorum

262 3121 426 3185 voluntate
446 3126 477 3184 et
497 3120 660 3198 mandato,
687 3120 932 3199 nonobstante,
962 3121 1046 3202 quod
1067 3121 1171 3204 ipsum
1195 3121 1324 3204 opidum
1351 3123 1424 3200 tuit,
1452 3129 1519 3186 erat
1539 3131 1570 3188 et

264 3224 311 3283 est
337 3218 548 3283 ecclesiastico
576 3219 776 3301 suppositum
800 3218 965 3281 interdicto
989 3219 1177 3303 singulaque
1198 3239 1331 3302 persone
1351 3223 1571 3286 excommuni-

263 3315 396 3380 cationis
431 3321 462 3379 et
490 3316 681 3380 universitas
718 3316 861 3380 eiusdem
898 3315 982 3399 opidi
1020 3315 1177 3380 interdicti
1219 3319 1388 3382 sentenciis
1419 3321 1571 3397 innodati,

241 3413 372 3477 divina
392 3414 492 3477 eciam
513 3433 587 3477 cum
610 3413 763 3498 solempni
795 3421 869 3477 uota
897 3416 930 3476 iu
952 3413 1086 3497 singulis
1107 3415 1247 3479 ecclesiis
1268 3423 1299 3479 et
1320 3419 1519 3482 monasteriis
1540 3424 1571 3483 ot

263 3510 474 3576 conuentibus
513 3510 671 3575 celebrent
707 3532 815 3593 ymmo
853 3514 961 3576 verius
992 3515 1186 3596 prophanent
1217 3512 1334 3592 officia,
1365 3535 1402 3577 ae
1430 3517 1456 3578 si
1488 3517 1570 3580 dicte

263 3629 396 3675 censure
416 3610 451 3672 iu
472 3609 591 3687 locum,
611 3629 761 3694 personas
782 3615 813 3674 et
833 3612 1070 3674 universitatem
1095 3611 1249 3693 predictas
1270 3612 1330 3675 late
1350 3633 1414 3675 non
1426 3615 1569 3677 tuissent.

262 3708 387 3791 Sisque,
407 3715 498 3790 pater
517 3708 710 3788 beatissime,
732 3708 880 3792 sepedicti
903 3709 1045 3792 opidani,
1076 3719 1232 3792 quantum
1263 3711 1296 3772 in
1318 3711 1365 3772 eis
1385 3717 1444 3789 est,
1474 3711 1568 3774 fidem

262 3805 451 3870 katholicam
478 3811 510 3870 ct
536 3825 670 3870 nervum
697 3806 906 3870 ecclesiastico
939 3825 1088 3885 censure,
1122 3809 1182 3869 nisi
1215 3811 1365 3872 sauctitas
1390 3815 1493 3872 vestra
1524 3811 1570 3873 eis

190 3947 193 3953 -
263 3903 406 3968 celeriter
432 3903 522 3968 freno
543 3904 738 3968 domacionis
769 3903 938 3968 efficaciter
964 3912 1122 3983 occu1rat,
1149 3906 1344 3989 supprimere
1373 3912 1520 3990 satagunt
1541 3913 1572 3970 et

264 4001 304 4065 ad
324 4001 384 4065 hec
404 4000 595 4084 perficienda
622 4021 721 4065 novas
747 4002 954 4085 inpositiones
983 4003 1051 4066 sive
1071 4008 1187 4066 statuta
1205 4001 1404 4084 contingunt,
1433 4022 1569 4087 quorum

263 4099 364 4163 eciam
387 4103 533 4183 pretextu
556 4107 811 4184 nupertempore
832 4097 1067 4164 vindemiarum
1087 4101 1304 4181 preteritarum
1327 4107 1514 4181 statuerunt,
1535 4107 1570 4165 ut

263 4197 411 4281 deinceps
432 4196 557 4276 nullus,
585 4198 619 4260 in
650 4195 796 4262 districtu
825 4198 899 4261 dicti
930 4198 1015 4280 opidi
1044 4200 1152 4262 vinetis
1175 4197 1308 4276 habens,
1337 4200 1412 4262 vine
1441 4199 1508 4282 ipsa
1536 4201 1567 4262 in

262 4296 383 4377 campis
411 4299 442 4358 et
469 4294 503 4356 iu
533 4293 652 4359 vitibus
680 4296 874 4359 coniunctim
902 4296 1036 4360 vendere
1058 4303 1231 4379 presumat,
1260 4298 1313 4360 sed
1340 4297 1422 4360 int'ru
1450 4298 1567 4361 dictum

264 4391 393 4476 opidum
416 4391 583 4455 dumtaxat
603 4393 641 4455 ad
663 4393 848 4457 thabernam
869 4395 1077 4457 attonsuratim
1099 4401 1130 4457 et
1151 4393 1422 4478 iudomopropria
1436 4396 1569 4459 rendere

264 4490 406 4566 deberet,
436 4495 468 4553 et
501 4510 556 4573 per
575 4491 759 4554 huiusmodi
787 4497 940 4555 statutum
971 4491 1127 4556 decanum
1160 4498 1190 4556 et
1220 4492 1394 4576 capitulum
1426 4513 1448 4556 s.
1473 4491 1569 4555 Murio

264 4589 405 4670 predicte
426 4587 535 4650 induci
556 4588 712 4669 feceruut,
739 4595 774 4653 ut
803 4590 865 4675 ipsi
897 4609 1007 4654 corum
1034 4591 1109 4654 vina
1136 4590 1174 4654 ud
1202 4591 1321 4654 dictum
1344 4591 1472 4674 opidum
1496 4590 1568 4656 duci
