3525 5209
485 396 716 452 Urkundenbuch
735 396 784 450 der
802 396 887 451 Studt
905 395 1009 450 Erfurt.
1046 396 1085 451 II.
1095 396 1182 450 Theil.
1438 401 1486 453 621

187 548 366 631 Mogontini
395 548 506 629 illatas,
531 553 657 631 propter
684 548 768 630 quod
797 548 859 611 fuit
879 552 911 611 et
939 553 987 612 est
1007 549 1112 631 ipsum
1134 548 1262 630 opidum
1281 550 1490 613 ecclesiastico

187 648 385 730 suppositum
408 645 586 723 interdicto,
613 645 712 725 unde,
737 652 774 709 ut
800 645 857 709 filii
878 646 1061 710 obedientes
1082 652 1113 709 et
1134 646 1246 722 devoti,
1268 647 1429 730 petebant,
1455 654 1491 712 ut

186 745 389 809 interdictum
418 764 458 807 ex
486 764 582 808 causa
610 744 793 807 huiusmodi
824 744 1004 807 rebellionis
1032 752 1063 808 et
1090 746 1272 809 resistencie
1300 748 1439 810 relevare
1460 754 1491 811 et

187 845 479 907 excommunicatos
495 842 668 921 absolvere,
688 844 767 906 acsi
789 843 845 925 qui
865 842 972 905 forsan
992 843 1251 925 irregularitatem
1274 846 1491 925 incurrissent,

186 962 260 1004 cum
292 943 337 1005 eis
367 942 548 1024 dispensare
579 946 610 1004 at
638 940 689 1002 ad‘
708 930 877 1022 pristinum
910 946 1025 1003 statum
1057 940 1220 1004 habilitare
1251 944 1492 1007 misericorditer
1567 952 1571 959 “

190 1040 401 1122 dignaremur.
443 1038 509 1101 Nos
538 1057 610 1101 vero
637 1038 687 1121 pie
707 1038 817 1099 matris
839 1037 981 1116 ecclesie,
1013 1056 1075 1121 que
1095 1038 1176 1101 nulli
1198 1040 1315 1103 claudit
1334 1044 1490 1125 gremium

187 1137 348 1216 redeunti,
378 1155 487 1201 eorum
517 1134 799 1220 supplicationibus
819 1143 1011 1205 annuentes,
1038 1136 1108 1215 tibi,
1140 1136 1177 1200 de
1203 1140 1295 1201 cuius
1321 1139 1492 1221 prudencia

188 1238 415 1319 circumspecta
443 1235 568 1316 plenum
596 1223 629 1296 in
651 1233 787 1297 Domino
815 1234 963 1297 fiduciam
986 1234 1179 1311 obtinemus,
1207 1256 1244 1299 ac
1264 1239 1491 1301 conscienciam

189 1340 275 1398 tuam
306 1334 344 1397 de
371 1334 432 1396 hiis
459 1352 590 1395 onerare
617 1332 779 1406 volumus,
805 1333 967 1396 eredentes
996 1333 1142 1409 indubie,
1173 1334 1256 1417 quod
1278 1354 1325 1414 ea,
1353 1356 1415 1419 que
1435 1336 1493 1400 tibi

193 1433 379 1496 duxerimus
407 1431 645 1503 committenda,
677 1431 782 1494 solerti
809 1431 913 1494 studio
941 1431 1075 1495 fideliter
1100 1433 1274 1511 exercebis,
1311 1434 1493 1499 absolvendi

192 1549 301 1593 omnes
326 1536 358 1593 et
387 1530 529 1610 singulos
555 1529 637 1591 infra
663 1530 857 1591 nominatos:
885 1528 1085 1593 Guntherum
1112 1530 1151 1594 de
1171 1529 1392 1612 Rudisleiben,
1419 1533 1492 1597 olim

188 1630 377 1691 canonicum
420 1628 509 1691 beate
552 1626 662 1707 Mario,
712 1626 886 1690 Iohannem
930 1626 1138 1691 Hildebrandi
1182 1632 1281 1694 sancti
1326 1630 1494 1712 Laurentii,

189 1725 413 1789 Theodericum
445 1725 483 1788 de
504 1725 670 1788 Ysenache
703 1726 801 1788 sancti
833 1726 974 1808 Georgii,
1006 1725 1210 1790 Bartholdum
1244 1732 1343 1792 sancti
1370 1728 1496 1806 Mathia,

191 1823 412 1887 Hermannum
445 1824 483 1889 de
514 1823 719 1904 Wittinberg,
755 1822 928 1887 Iohannem
960 1824 997 1885 de
1029 1823 1213 1905 Mulhusen,
1249 1826 1420 1891 Iohannem
1456 1827 1494 1893 de

193 1922 315 2001 hiunre,
337 1921 508 1984 Martinum
524 1922 562 1984 de
574 1920 754 1984 Northusen
773 1920 861 1983 beate
876 1920 973 1983 Maria
990 1923 1153 2005 sanctique
1165 1922 1271 1987 Severi
1291 1924 1493 1989 ecclesiarum

192 2020 426 2103 collegiatarum
461 2018 662 2082 beneficiatos
688 2025 718 2081 et
745 2019 969 2102 parochialium
998 2020 1199 2083 ecelesiarum
1231 2028 1384 2096 rectoreS,
1421 2022 1495 2087 Ber-

191 2118 334 2181 tholdum
360 2118 398 2179 de
422 2118 539 2194 Gotho,
565 2116 743 2180 Conradunr
765 2117 874 2197 Smyr,
905 2118 1079 2201 prepositos
1104 2120 1391 2183 sanctimonialium
1413 2120 1494 2184 Novi

192 2217 294 2299 operis
322 2225 353 2279 et
379 2218 480 2280 sancti
502 2215 614 2278 Ciriaci
644 2223 674 2278 et
697 2216 831 2279 aliorum
853 2216 1116 2279 monasteriorum
1139 2214 1280 2295 abbates,
1313 2217 1495 2295 abbatissas,

193 2316 326 2397 priores,
354 2316 534 2398 priorissas,
563 2315 745 2393 monachos
770 2315 882 2378 fratres
909 2314 1134 2377 conventuales
1161 2320 1191 2377 et
1218 2334 1340 2380 sorores
1362 2316 1444 2378 inira
1466 2323 1497 2379 et

193 2421 282 2476 extra
318 2432 426 2475 muros
461 2413 545 2496 opidi
584 2411 806 2489 Exhordensis,
846 2412 1019 2475 Iohannem
1059 2411 1096 2475 de
1127 2410 1264 2495 Langelo
1301 2415 1497 2491 advocatum,

193 2509 367 2573 Iohannem
406 2509 554 2593 Popartin
592 2510 777 2587 scultetum,
812 2510 963 2590 Tylonem
1005 2510 1043 2572 de
1081 2508 1210 2587 Saohsa,
1247 2508 1419 2575 Martinam
1458 2511 1497 2573 de

195 2607 368 2687 Muchilde,
393 2606 594 2692 Redolphum
621 2608 741 2684 Murer,
766 2606 957 2671 Thitericum
985 2607 1112 2686 Bruns,
1141 2608 1319 2671 Conradunr
1349 2609 1387 2671 de
1410 2608 1496 2671 Orla-

194 2705 327 2786 munde,
348 2705 514 2769 Albertum
535 2706 700 2788 Libergen,
720 2706 881 2769 Thilonem
905 2706 943 2770 de
964 2706 1100 2785 Wunne,
1120 2706 1311 2770 Thibaricum
1334 2707 1372 2771 de
1394 2706 1496 2785 Erich,

194 2804 373 2867 Conradum
402 2805 441 2867 (le
462 2804 683 2881 Wiszensehe,
709 2802 886 2888 Nycolaum
912 2804 949 2867 de
972 2804 1216 2885 Albersleyben,
1241 2804 1436 2887 Rudigerum
1461 2805 1499 2868 de

195 2902 395 2979 Kessilborn,
424 2902 597 2965 Iohannem
619 2903 657 2965 de
679 2902 887 2985 Ocinsberg2,
910 2901 1052 2965 Ulricum
1077 2903 1115 2966 de
1138 2902 1311 2979 Muchilde,
1333 2903 1500 2967 Albertum

195 3001 234 3064 de
257 3000 446 3081 Meldingen.
467 3000 654 3064 Heinricum
675 3000 714 3063 de
735 3000 923 3078 Gemestete,
945 3000 1110 3064 Nicolaum
1134 3000 1305 3081 Podewica,
1326 3000 1500 3065 Iohannem

195 3102 233 3164 de
260 3098 477 3177 GutInhusen,
504 3098 695 3161 'Thitericum
723 3098 761 3162 de
784 3097 960 3177 Romstete,
987 3098 1137 3163 iacobum
1161 3099 1298 3178 Osilhuf,
1326 3098 1500 3163 Henricum

196 3199 235 3262 de
254 3198 422 3275 Tenheinr,
448 3196 624 3259 Iohannem
652 3197 691 3259 de
711 3195 827 3260 Ylmen
859 3204 890 3259 et
916 3198 1067 3279 opidanos
1089 3198 1164 3262 dicti
1185 3198 1268 3281 opidi
1292 3197 1501 3261 Ertiordensis

196 3296 384 3379 Magantine
424 3294 559 3358 diocesis
595 3315 614 3357 a
648 3297 802 3358 sententia
836 3297 1174 3359 excommunicationis
1205 3301 1236 3359 et
1262 3296 1501 3378 irregularitatis

197 3394 338 3471 macula,
375 3414 471 3477 quam
510 3398 635 3477 propter
670 3394 884 3456 resistenciam
916 3399 946 3456 et
972 3393 1173 3457 rebellionem
1206 3394 1360 3477 predictas
1390 3394 1501 3477 prefati

198 3494 318 3556 domini
339 3491 496 3555 Lodowici
523 3491 726 3555 incurrerunt
746 3496 777 3554 et
798 3497 1040 3573 contraxerunt,
1069 3492 1240 3555 dummodo
1263 3491 1321 3554 hoc
1342 3491 1502 3555 humiliter

199 3593 344 3675 petierint
370 3600 401 3653 et
428 3590 539 3653 devote
565 3590 623 3652 huc
649 3590 718 3652 viee
744 3590 776 3651 in
798 3589 899 3652 forma
920 3589 1050 3653 ecclesie
1068 3594 1234 3669 consueta,
1263 3594 1295 3653 et
1314 3590 1501 3671 inlungendi

199 3690 316 3754 eisdem
347 3689 462 3751 exinde
490 3708 544 3771 pro
576 3688 669 3750 modo
698 3687 789 3769 culpe
810 3689 1014 3771 penitentiam
1038 3689 1223 3767 salutarem,
1253 3707 1289 3751 ao
1311 3707 1406 3771 super
1427 3690 1502 3751 irre·

200 3787 378 3871 gularitatis
395 3786 519 3849 macula
541 3787 585 3848 sic
607 3792 766 3849 contracta
786 3787 864 3868 ipsis
883 3787 1030 3869 primitus
1051 3786 1090 3849 ad
1112 3793 1236 3869 tempus
1256 3786 1295 3848 ab
1316 3786 1503 3850 executione

199 3885 348 3948 ordiuum
381 3885 544 3967 suspensis
572 3890 603 3947 et
621 3882 750 3947 demum
783 3883 1031 3965 suffragantibus
1060 3885 1105 3947 eis
1140 3886 1259 3947 meritis
1291 3884 1514 3967 dispensandi,

201 3989 237 4046 ut
267 3986 300 4045 in
328 3983 483 4065 susceptis
511 3981 676 4045 ordinibus
703 3982 787 4044 licite
815 3982 938 4045 valeant
965 3984 1160 4060 ministrare,
1196 3981 1395 4046 interdictum
1431 4002 1502 4046 vero

201 4084 232 4144 in
249 4081 389 4144 ecclesiis
405 4088 435 4143 et
456 4082 654 4143 monasteriis
670 4080 745 4143 dicti
760 4081 845 4163 opidi
856 4078 1076 4157 Erffordensis,
1098 4082 1261 4143 occasione
1276 4082 1502 4164 premissorum

200 4185 231 4242 et
261 4198 300 4243 ex
323 4180 428 4241 causis
447 4179 609 4262 premissis
627 4179 782 4260 positum,
813 4187 907 4259 prout
925 4176 981 4240 tibi
1006 4177 1175 4255 videbitur,
1202 4178 1331 4241 tollendi
1352 4185 1382 4241 et
1404 4180 1504 4242 eciam

200 4277 373 4340 relaxandi.
402 4275 544 4358 Insuper,
565 4275 593 4339 si
614 4296 677 4359 que
697 4275 836 4354 ecclesie,
859 4277 1049 4338 monasteria
1069 4276 1120 4339 vel
1140 4277 1292 4339 cimiteria
1310 4296 1351 4339 ex
1366 4277 1504 4340 tumula-

199 4378 290 4438 cione
324 4374 671 4437 excommunicatorum
702 4392 759 4437 seu
785 4374 863 4436 alias
892 4373 1073 4437 huiusmodi
1102 4394 1141 4437 ex
1171 4393 1267 4438 causa
1296 4375 1415 4437 fuerint
1447 4394 1504 4438 seu

200 4475 264 4536 sint
281 4472 404 4550 violata,
424 4471 517 4535 liceat
539 4473 606 4555 ipsa
626 4490 682 4554 per
702 4490 927 4554 quemcunque
949 4474 1130 4556 episcopum
1152 4472 1351 4552 catholicum,
1371 4473 1504 4554 gratim

201 4577 232 4635 et
251 4571 508 4634 communionem
530 4569 613 4633 sedis
634 4569 802 4652 apostolice
822 4575 854 4633 et
873 4571 1091 4633 executionem
1110 4566 1164 4633 ‘sui
1187 4570 1307 4633 ordinis
1328 4570 1504 4649 habentem,
