3525 5209
481 390 711 447 Urkuudenbuuh
731 392 781 447 der
799 392 882 448 stadt
901 392 1007 451 Erfurt.
1044 392 1182 453 ulman.
1457 395 1491 451 53

179 544 295 627 1329.
323 543 430 625 Junl
458 542 520 625 23.
1431 543 1490 624 tt.

280 666 447 730 Friedrich
465 666 536 729 aad
556 664 739 743 Hermann,
764 665 890 747 Gruter
911 686 970 729 von
996 664 1201 743 Orlnmrtnde,
1223 665 1395 746 verknnfen
1421 668 1489 730 derra

279 764 430 845 Ersnrter
454 762 581 844 Bitrqar
609 762 761 827 Heinrich
787 784 845 825 von
870 761 1059 827 Olbersleben
1085 765 1137 827 ein
1163 763 1284 827 Malter
1312 764 1489 845 jdhrlicbea

280 860 392 925 Zinsas
411 860 479 946 and
499 860 550 923 die
577 860 681 941 Voptei
702 881 760 924 von
782 860 868 923 nnn
887 858 997 923 halben
1013 860 1103 942 Hafa
1122 881 1163 925 aa
1184 858 1373 925 Olbersleben
1394 867 1488 926 nater

288 957 447 1023 Verberat
463 958 517 1021 des
530 958 772 1023 Gatnnssnoes
786 958 856 1021 und
871 958 925 1021 des
942 958 1161 1041 Waderlrnnss
1175 958 1256 1021 nach
1270 958 1341 1022 acte
1354 958 1485 1024 datrae.

331 1062 375 1117 Or.
394 1062 443 1115 mit
459 1066 478 1117 2
496 1062 524 1120 S.
543 1064 580 1115 im
600 1062 792 1133 Grossbereopl.
812 1062 849 1117 st.
864 1062 899 1114 A.
916 1079 950 1115 eu
969 1062 1095 1117 Weimar.

329 1132 515 1197 Reitzenstein,
535 1134 582 1191 lc.
602 1133 699 1191 8145.

256 1238 322 1301 Nos
359 1236 536 1301 Fridericus
574 1242 606 1300 et
637 1236 835 1318 Hermanus,
875 1238 1005 1316 fratres,
1047 1236 1108 1303 Dei
1140 1240 1241 1319 gratia
1281 1239 1411 1302 comites
1447 1240 1485 1303 de

172 1334 385 1412 Orlamunde,
410 1337 665 1417 recognoscimus
685 1336 811 1420 publice
832 1338 1032 1421 presencium
1055 1356 1111 1422 per
1134 1343 1288 1413 tenorem,
1315 1336 1399 1419 quod
1426 1357 1484 1401 nos

171 1432 314 1497 Henrico
342 1434 380 1497 de
404 1432 665 1513 Albrechsleybin
692 1434 752 1497 civi
775 1432 969 1499 Erffordeusi
993 1454 1029 1497 ac
1061 1436 1163 1517 ipsius
1190 1432 1358 1497 heredibus
1380 1454 1483 1499 unum

171 1532 332 1595 maldrum
360 1530 511 1594 frumenti
543 1550 649 1595 annue
681 1533 844 1616 pensionis
875 1552 1025 1596 mensure
1062 1532 1260 1597 liriordensis
1291 1550 1365 1593 cum
1394 1536 1482 1595 omni

171 1631 254 1704 iure,
275 1630 422 1707 utilitate,
443 1629 688 1703 consuetudine,
711 1630 828 1693 honore
849 1636 879 1692 et
902 1630 1076 1713 specialiter
1097 1649 1170 1694 cum
1189 1630 1258 1691 iure
1279 1629 1481 1709 advocaticio,

170 1726 292 1811 quibus
313 1746 372 1790 nos
387 1728 491 1810 ipsum
513 1726 712 1809 possedimus
733 1733 765 1790 et
785 1728 883 1791 nostri
907 1729 1121 1811 progenitores
1144 1726 1362 1810 possederunt,
1384 1745 1480 1808 quam

171 1826 302 1909 quidem
328 1826 513 1909 pensionem
542 1824 626 1887 idem
656 1830 778 1908 emptor
808 1823 899 1887 nobis
927 1824 1077 1909 persolvit
1104 1827 1173 1888 iure
1204 1825 1408 1904 advocaticio,
1446 1833 1481 1890 ut

170 1922 352 2009 predicitur.
373 1923 465 1985 annis
486 1922 621 2003 singulis
641 1923 674 1985 in
696 1923 775 1985 testo
797 1921 878 1985 beati
904 1921 1085 1985 Michahelis
1106 1922 1144 1985 de
1165 1922 1295 1984 dimidio
1316 1942 1428 1987 manso
1449 1930 1480 1988 et

169 2024 239 2085 suis
261 2020 473 2106 pertinenciis,
494 2020 553 2083 sito
575 2021 608 2082 in
631 2019 706 2083 villa
726 2026 757 2082 et
773 2021 805 2082 in
822 2021 942 2101 campis
958 2021 1098 2083 eiusdem
1117 2019 1191 2082 ville
1207 2018 1478 2101 Albrechsleybin,

168 2138 265 2203 quem
295 2120 364 2182 iure
390 2116 576 2181 hereditario
605 2117 744 2201 possedit
770 2138 788 2180 a
813 2117 986 2182 venerabili
1013 2118 1141 2181 domino
1171 2118 1328 2201 preposito
1348 2118 1479 2183 ecclesie

167 2223 277 2281 sancte
293 2216 397 2279 crucis
418 2214 663 2289 Northusensis,
684 2216 778 2279 iustis
798 2216 972 2297 empcionis
993 2220 1024 2278 et
1043 2215 1239 2278 vendicionis
1261 2217 1360 2283 titulis
1381 2221 1476 2284 inter·

167 2313 371 2379 venientibus
410 2314 612 2378 vendidimus
651 2320 681 2377 et
718 2313 916 2396 presentibus
955 2313 1126 2377 vendimus
1161 2320 1193 2378 et
1223 2315 1380 2381 tradimus
1418 2338 1475 2402 pro

167 2417 307 2496 quatuor
326 2412 441 2475 marcis
462 2412 534 2495 puri
562 2412 684 2495 argenti
716 2410 808 2475 nobis
834 2411 1027 2495 integraliter
1051 2410 1235 2493 persolutis,
1264 2413 1351 2477 salvo
1383 2416 1475 2480 nobis

166 2510 335 2575 dumtaxat
355 2509 493 2573 iudiciali
517 2508 642 2586 baculu,
669 2528 764 2592 quem
792 2509 824 2571 in
853 2509 945 2573 dictis
972 2508 1065 2571 bonis
1086 2507 1178 2572 nobis
1205 2515 1236 2572 et
1263 2530 1319 2593 pro
1341 2513 1474 2578 utilitate

166 2616 276 2671 nostra
296 2606 449 2673 debemus
469 2608 689 2671 tantummodo
718 2602 853 2671 retinere
887 2605 1027 2690 quolibet
1056 2608 1125 2670 sine
1151 2607 1229 2671 dolo.
1280 2608 1327 2672 De
1357 2612 1474 2693 quibus

166 2706 297 2790 quidem
318 2707 469 2789 pensione
489 2710 521 2769 et
539 2706 608 2768 iure
630 2704 822 2769 advocaticio
843 2724 880 2767 ac
901 2704 1050 2768 omnibus
1078 2706 1145 2768 suis
1172 2707 1376 2790 pertinenciis
1405 2731 1474 2793 pre·

165 2806 260 2867 dictis
295 2804 450 2887 prelatum
488 2807 659 2887 emptorem
700 2809 730 2865 et
767 2804 836 2866 eius
874 2802 1003 2866 heredes
1040 2804 1348 2885 inpossessionamus
1380 2813 1411 2870 et
1439 2812 1473 2870 in

165 2903 397 2985 possessionem
420 2901 612 2986 corporalem
636 2900 808 2964 eorundem
832 2900 987 2964 mittimus
1008 2899 1114 2964 literas
1144 2920 1199 2983 per
1218 2910 1398 2985 presentes,
1430 2908 1474 2969 ita

163 3019 252 3079 sane,
265 2999 347 3083 quod
364 2998 492 3063 liberam
513 2998 691 3062 facultatem
706 2998 821 3062 habere
842 2998 995 3063 debemus
1015 2999 1174 3063 reemendi
1191 3000 1320 3064 vendita
1332 3003 1471 3084 predicta
1573 3023 1575 3027 ’

163 3104 235 3180 post
252 3102 322 3159 octo
341 3116 497 3160 annorum
518 3098 660 3179 spacium
679 3098 866 3160 continuum
885 3118 903 3159 a
921 3098 992 3160 data
1008 3099 1208 3183 presencium
1221 3100 1468 3181 computandum

161 3202 193 3259 et
214 3214 278 3259 non
301 3196 398 3277 prius,
420 3212 611 3277 quocunque
631 3214 715 3256 enno
738 3194 942 3274 voluerimus,
959 3196 1036 3258 dum
1048 3201 1152 3258 tamen
1174 3196 1232 3258 hoc
1249 3216 1308 3258 nos
1324 3203 1354 3261 et
1372 3200 1469 3261 nostri

161 3293 295 3357 heredes
323 3311 447 3376 semper
469 3298 540 3355 ante
566 3288 649 3355 diem
678 3291 757 3354 beati
780 3292 932 3356 Iohannis
961 3293 1093 3375 baptiste
1123 3294 1274 3355 iaciamus
1302 3316 1357 3377 pro
1382 3302 1470 3359 tanta

161 3390 298 3474 pecunie
319 3390 505 3471 quantitate,
536 3409 591 3472 pro
624 3396 743 3472 quante
769 3391 970 3454 vendidimus
997 3411 1033 3455 ea
1056 3392 1165 3468 modo,
1193 3398 1223 3455 et
1250 3393 1403 3475 quiamdin
1435 3396 1468 3457 in

160 3490 362 3574 reempcione
383 3487 565 3552 huiusmodi
586 3488 780 3571 negligentes
801 3488 956 3552 fuerimus
977 3489 1027 3552 vel
1049 3491 1186 3567 remissi,
1205 3491 1325 3554 tamdiu
1348 3498 1469 3575 emptor

160 3587 322 3670 predictus
342 3591 372 3649 et
393 3586 443 3649 sui
464 3585 593 3649 heredes
614 3585 742 3648 vendita
766 3584 885 3668 prefate
905 3607 977 3649 cum
1004 3588 1091 3649 omni
1122 3588 1191 3650 iure
1218 3593 1249 3650 et
1275 3589 1409 3652 utilitate
1439 3597 1469 3653 et

159 3684 230 3747 aliis
254 3704 350 3769 supra
372 3684 565 3748 enumeratis
587 3682 701 3746 debent
722 3682 849 3765 pacifice
869 3684 1038 3768 possidere.
1088 3684 1153 3748 Nos
1176 3687 1274 3747 eciam
1297 3686 1347 3748 vel
1368 3690 1467 3750 nostri

159 3782 291 3847 heredes
319 3790 374 3846 aut
400 3800 597 3845 successores
618 3782 650 3843 in
674 3780 765 3843 dictis
787 3780 879 3844 bonis
901 3802 957 3845 seu
979 3784 1012 3844 in
1033 3782 1216 3844 hominibus
1237 3783 1346 3845 eadem
1368 3787 1467 3867 possi·

158 3880 309 3943 dentibus
320 3879 426 3943 nullas
441 3880 631 3956 exactiones
649 3879 814 3960 precariae,
830 3887 944 3959 stores,
958 3880 1112 3961 angarias,
1126 3882 1334 3963 perengarius,
1350 3889 1467 3965 presta-

159 3979 278 4055 cioneS,
290 3978 430 4051 servicia,
442 3995 633 4059 quocunque
644 3984 832 4040 censeantur
850 3979 989 4057 nomine,
1005 3996 1154 4060 expressa
1170 3978 1217 4039 vel
1233 3998 1296 4041 non
1308 3996 1465 4060 expressa,

158 4076 276 4139 directe
306 4075 358 4139 vel
392 4075 543 4137 indirecte
576 4073 728 4137 debemus
757 4073 1004 4156 ‘quomodolibet
1043 4093 1203 4153 exercere,
1248 4076 1302 4139 sed
1346 4078 1464 4141 eisdem

157 4174 387 4236 renunciamus
414 4192 470 4257 per
490 4178 650 4256 presentes
672 4172 853 4256 simpliciter
873 4179 904 4235 et
925 4174 958 4235 in
982 4178 1099 4249 totum,
1127 4174 1270 4235 volentes
1302 4174 1373 4237 data
1403 4175 1465 4240 fide

156 4280 187 4333 et
209 4271 428 4353 promittentes
450 4270 567 4332 dictum
592 4275 763 4352 emptorem
786 4278 816 4332 et
837 4290 913 4334 suos
935 4270 1064 4333 heredes
1085 4270 1124 4333 de
1138 4274 1299 4354 premissis
1316 4273 1464 4337 omnibus

157 4378 189 4431 et
223 4366 360 4450 singulis
391 4366 587 4430 iusticialiter
617 4368 799 4433 waraudare
830 4374 860 4431 et
885 4369 924 4431 ab
944 4369 1143 4452 impeticione
1171 4370 1310 4451 qualibet
1336 4370 1465 4435 reddere

155 4463 293 4528 liberum
309 4470 340 4528 et
355 4465 567 4548 indempnem.
603 4462 748 4549 Insuper,
769 4468 796 4529 si
817 4466 921 4529 medio
942 4472 1082 4549 tempore
1104 4474 1225 4549 emptor
1247 4468 1385 4551 prelatus
1407 4490 1464 4533 seu

157 4564 208 4627 sni
241 4560 374 4627 heredes
411 4562 592 4647 pensionem
630 4568 660 4625 et
696 4565 746 4625 ius
778 4562 1007 4627 advocaticium
1043 4564 1182 4646 predicta
1219 4566 1288 4627 eliis
1328 4567 1463 4631 vendere
