3525 5209
506 417 738 474 Urtrundeubuoh
755 416 804 472 der
822 416 907 472 stadt
924 415 1030 474 Erfurt.
1068 413 1202 470 ILTheil.
1460 417 1509 470 491

205 572 324 638 litteras
350 577 526 656 apparente.
574 569 661 634 Nulli
690 588 762 650 ergo
790 570 920 632 omnino
948 569 1114 631 hominum
1142 568 1233 630 liceat
1258 567 1340 628 hano
1365 568 1512 649 paginam

206 677 313 735 nostre
334 670 568 734 constitutionis
595 667 765 749 infringere
791 667 841 731 vel
865 668 894 730 ei
916 687 996 730 ausu
1020 667 1185 730 temerario
1212 666 1381 743 contraire,
1411 666 1512 747 siquis

208 775 315 834 autem
337 767 396 832 hoc
417 773 602 850 attemptare
624 767 861 849 presumpserit,
877 765 1136 845 'indignationem
1157 765 1382 844 omnipotentis
1405 760 1463 826 Dei
1481 770 1512 826 et

208 868 371 932 beatorum
403 866 488 929 Petri
524 871 554 928 et
583 864 675 928 Pauli
715 863 928 946 apostolorum
961 864 1030 925 eius
1065 881 1099 926 so
1134 863 1257 925 noverit
1296 863 1511 924 incursurum.

212 964 330 1029 Datum
351 965 522 1046 Angnanie
542 963 582 1026 II.
596 963 655 1026 kal.
677 961 774 1040 Iunii,
795 961 997 1043 pontificatus
1018 962 1115 1024 nostri
1138 980 1223 1024 anno
1244 965 1362 1024 octavo.

289 1063 368 1126 Cum
392 1067 507 1140 utitem,
528 1063 610 1124 siout
631 1079 672 1122 ex
693 1061 843 1123 relatione
863 1061 1005 1142 plurium
1026 1059 1066 1122 ad
1088 1066 1232 1125 nostrum
1254 1076 1357 1141 nuper
1369 1060 1512 1140 pervenit

209 1163 364 1240 anditum,
378 1160 524 1224 nonnulli
536 1159 655 1222 iudices
664 1163 728 1222 tam
740 1157 871 1240 delegati
882 1158 1047 1241 quamalii,
1063 1155 1512 1220 constitutionemhuiusmodi

209 1261 340 1324 forsitan
356 1259 546 1341 ignorantes
561 1257 688 1334 opidum
705 1255 895 1319 Erfordense
907 1255 1092 1338 Magnntine
1109 1254 1241 1318 diocesis
1260 1273 1316 1338 pro
1331 1255 1512 1336 pecunimm

208 1357 322 1438 debito,
341 1357 531 1440 quandoque
549 1357 641 1418 etiam
657 1375 713 1436 pro
732 1353 855 1418 modica
872 1373 999 1417 summa
1016 1355 1149 1437 pecunie
1160 1359 1269 1415 eontra
1281 1356 1420 1415 tenorem
1432 1351 1513 1414 dicte

209 1455 444 1520 constitutionis
463 1455 646 1536 frequenter
666 1457 845 1536 supponant
865 1453 1076 1516 ecclesiastico
1096 1451 1271 1528 interdicto,
1292 1469 1351 1514 nos
1371 1449 1513 1513 volentes

207 1556 240 1617 in
271 1553 433 1636 premissis
467 1551 506 1615 de
538 1555 692 1634 oportuno
722 1550 865 1614 remedio
897 1550 1078 1633 providere,
1115 1550 1295 1614 discretioni
1324 1553 1427 1612 vestre
1457 1567 1514 1630 per

207 1655 377 1738 apostolica
397 1655 513 1736 scripta
533 1653 738 1730 mandamus,
760 1652 913 1735 quatinus
939 1670 994 1716 vos
1022 1649 1071 1712 vel
1095 1649 1159 1714 duo
1188 1654 1244 1710 ant
1265 1665 1351 1710 unus
1371 1651 1513 1709 vestrum

206 1771 330 1836 perros
348 1753 396 1816 vel
416 1752 514 1816 alium
534 1770 591 1814 seu
608 1751 686 1814 alios
702 1751 872 1834 predictam
890 1751 1148 1813 constitutionem
1163 1749 1198 1810 in
1215 1744 1355 1810 ecclesiis
1370 1745 1511 1808 eiusdem

207 1851 291 1934 opidi
313 1855 344 1914 et
364 1851 498 1914 aliorum
521 1849 662 1912 locorum
682 1850 714 1911 in
729 1850 811 1918 dieta
828 1849 944 1912 diocesi
961 1847 1211 1921 consistentium,
1233 1843 1272 1908 de
1290 1843 1408 1926 quibus
1425 1842 1514 1906 vobis

209 1948 381 2029 ridebitur,
401 1947 458 2010 ubi
480 1953 512 2011 et
537 1947 663 2030 quando
685 1945 832 2029 expedire
851 1947 1000 2024 videritis
1021 1946 1206 2010 auctoritate
1220 1949 1328 2010 nostra
1343 1942 1515 2006 solenniter

207 2047 369 2130 publicare
390 2047 515 2124 curctis,
534 2043 778 2108 contradictores
800 2063 855 2128 per
868 2063 1035 2110 censuram
1051 2041 1294 2106 ecclesiasticam
1308 2039 1514 2123 appellatione

209 2145 380 2228 postposita
409 2141 650 2226 compescendo,
686 2161 749 2206 non
782 2142 940 2221 obstante,
970 2141 997 2204 si
1028 2139 1190 2223 aliquibus
1221 2139 1432 2202 communiter
1463 2137 1513 2200 vel

208 2243 335 2306 divisim
363 2263 382 2304 a
408 2241 481 2305 sede
512 2241 682 2324 apostolice
710 2240 872 2304 iudultum
901 2242 1028 2315 existat,
1057 2239 1142 2321 quod
1172 2237 1332 2314 interdici,
1362 2235 1513 2318 suspendi

166 2423 168 2428 ἵ
207 2341 258 2406 vel
287 2341 556 2405 excommunicari
586 2357 649 2402 non
679 2340 802 2422 possint
826 2358 882 2423 per
906 2339 1026 2403 litteras
1053 2337 1238 2421 apostolicas
1267 2354 1331 2398 non
1362 2335 1515 2396 facientes

206 2439 333 2524 plenam
362 2441 393 2502 et
423 2456 604 2520 expressam
637 2457 674 2501 ac
707 2437 745 2500 de
772 2436 866 2500 verbo
893 2436 931 2499 ad
956 2436 1089 2500 verbum
1104 2431 1156 2498 'de
1179 2432 1302 2496 indulto
1330 2430 1513 2496 huiusmodi

206 2538 409 2600 mentionem.
450 2533 571 2598 Datum
583 2536 743 2600 Ariaione
763 2533 901 2600 XVIIII.
913 2533 984 2598 Kal.
999 2532 1173 2612 Februarii,
1192 2528 1394 2615 pontificatus
1414 2529 1514 2592 nostri

207 2655 291 2698 anno
313 2633 461 2698 secunde.

209 2795 319 2878 1372.
345 2795 516 2904 Ianuar
541 2793 605 2878 25.
1417 2788 1513 2871 680.

307 2924 424 2999 Ernst,
458 2924 550 3004 Oros
571 2940 630 2986 eon
655 2921 803 2998 etima,
835 2921 905 2984 aad
933 2922 1023 2986 Patre
1050 2940 1110 2984 von
1130 2918 1320 3000 Neaitrydcn
1348 2918 1513 2993 hebescere,

309 3021 385 3086 dass
405 3021 451 3084 sic
471 3019 765 3084 sebr'cdsra'cbtcrlictc
784 3018 935 3084 swischen
956 3019 1012 3082 der
1031 3017 1251 3098 Stathrtart
1272 3017 1341 3080 aad
1361 3014 1515 3079 Heinrich

311 3139 371 3184 eon
391 3119 568 3198 Hennaea,
597 3117 692 3183 Hans
716 3137 774 3182 coc
796 3116 991 3197 Ncrdrpdcn
1017 3117 1087 3180 aad
1110 3115 1240 3196 Gyscier
1259 3136 1319 3180 con
1339 3114 1425 3177 Besa
1449 3114 1517 3176 cine

310 3216 416 3284 &bna
434 3218 569 3299 pestiftet
593 3217 707 3293 beben,
740 3216 840 3280 werico
872 3214 925 3280 die
954 3214 1097 3278 lemen
1126 3214 1192 3277 sict
1221 3214 1288 3295 auf
1312 3213 1387 3278 uwel
1417 3211 1516 3276 Jatra

309 3315 522 3396 vapflidatcn,
544 3314 600 3381 dar
620 3313 711 3380 soar
726 3313 808 3378 caca
829 3312 973 3394 erfoffler
982 3312 1222 3392 Arrffordcruap
1243 3312 1301 3375 mit
1322 3315 1368 3376 20
1385 3310 1515 3373 Lenaea

308 3413 340 3494 jc
359 3412 476 3478 mamni
496 3413 540 3476 tm
558 3412 659 3478 Jctrc
676 3431 717 3477 eu
738 3412 859 3476 dienen.

364 3531 408 3588 Or.
421 3531 459 3585 im
477 3530 540 3600 Kpt.
552 3530 681 3585 &Aac
695 3529 735 3587 Μ.
754 3529 816 3584 sa.

290 3627 361 3692 Wir
394 3648 490 3712 grave
515 3627 613 3692 Ernst
640 3645 703 3690 von
730 3625 869 3706 Glichin,
907 3627 998 3692 hene
1028 3627 1201 3705 daselbins,
1231 3626 1296 3689 und
1326 3625 1422 3688 Petzo
1452 3644 1513 3687 von

209 3726 409 3808 Neritrydcn,
430 3730 614 3809 amptmann
637 3745 696 3789 acu
709 3724 823 3805 Gotho,
845 3724 1010 3788 bekennen
1031 3744 1070 3789 an
1093 3726 1200 3789 desme
1220 3725 1297 3787 offin
1319 3723 1435 3802 brieve,
1456 3721 1513 3784 dan

209 3827 267 3888 alr
291 3826 340 3888 die
369 3829 430 3891 stat
455 3845 516 3888 acu
537 3823 660 3888 Erforte
688 3822 931 3906 gemeintlichen
957 3824 1023 3886 und
1052 3822 1226 3886 Henriehin
1254 3841 1317 3885 von
1343 3820 1518 3904 Heringen,

208 3923 340 3986 Hansen
370 3942 430 3986 von
453 3923 643 4008 Nezilryden
671 3922 737 3986 und
759 3920 914 4003 (iyselern
941 3941 1001 3984 von
1022 3920 1103 3985 Besa
1123 3921 1190 3985 und
1211 3939 1269 4002 yre
1289 3919 1437 3998 knechte,
1464 3918 1515 3980 die

209 4040 281 4084 man
314 4021 369 4085 der
391 4027 451 4084 stat
477 4041 536 4085 acu
558 4020 679 4084 Erforte
701 4021 746 4083 sai
767 4019 953 4083 beschriben
974 4019 1075 4101 geben
1096 4040 1136 4082 au
1159 4037 1251 4100 eyme
1268 4018 1387 4080 andern
1408 4017 1515 4079 brieve

209 4139 247 4183 an
271 4121 405 4201 argelist,
427 4122 484 4182 mit
506 4119 669 4201 eynandcr
688 4127 823 4201 gesunet
850 4118 915 4180 und
938 4117 1059 4180 bericht
1078 4118 1179 4181 haben
1202 4118 1272 4180 allir
1293 4119 1385 4179 sache
1408 4133 1514 4178 ramme

209 4217 269 4280 alle
303 4217 433 4299 brucho,
466 4218 598 4282 utloufte
633 4216 698 4280 und
723 4216 807 4296 fede,
833 4216 883 4279 die
910 4217 1078 4278 zcwisohin
1106 4217 1167 4279 den
1194 4213 1436 4298 vorgesehriben
1470 4211 1514 4275 nti

211 4315 290 4379 bede
312 4323 402 4396 syten
423 4318 607 4397 gewachsen
630 4315 695 4379 und
716 4313 767 4377 bia
783 4315 838 4377 her
854 4313 1070 4395 uffgestanden
1087 4335 1202 4393 waren,
1222 4316 1255 4376 in
1278 4313 1396 4376 solebit
1416 4330 1515 4390 maze,

210 4413 267 4477 daz
299 4415 344 4477 sic
370 4421 445 4497 gule
470 4415 560 4478 frunt
579 4414 681 4477 under
701 4412 857 4494 eynandir
877 4413 925 4475 sin
948 4412 1065 4492 suiten,
1093 4411 1159 4474 und
1186 4412 1287 4474 haben
1315 4411 1371 4474 des
1399 4411 1513 4472 bunia

210 4531 250 4575 an
280 4511 329 4574 die
350 4511 452 4575 honde
479 4512 577 4595 globit
602 4533 642 4596 yr
668 4513 720 4574 ein
748 4511 819 4574 dem
841 4510 969 4573 andern.
1011 4510 1101 4573 Ouch
1121 4511 1164 4573 ist
1183 4509 1276 4592 gered
1297 4510 1329 4570 in
1353 4506 1515 4570 derselben

210 4627 307 4692 sune,
337 4609 394 4674 daz
417 4609 556 4680 Henrich
580 4629 641 4672 von
671 4609 841 4696 Heringin,
869 4607 961 4677 Hans
988 4629 1049 4676 von
1077 4607 1269 4694 Nezilryden
1296 4606 1364 4670 und
1386 4604 1517 4688 Gyseler
