3525 5209
286 360 319 417 18
647 360 920 435 Geechichtsquellen
938 363 988 419 der
1007 364 1086 422 Prov.
1101 364 1230 423 Sachsen.

285 510 399 595 1324.
426 511 545 593 Mara
572 512 635 595 25.
796 500 802 512 ’
1523 518 1588 599 28.

383 671 525 739 Jolauaa,
561 664 692 747 acon,
717 667 768 729 die
790 666 1022 733 lbolutraloren
1050 670 1119 734 aad
1146 671 1198 733 dic
1224 689 1323 751 pause
1346 668 1515 733 Geraelude
1534 671 1589 733 der

298 786 301 794 ·
388 766 589 850 Plarrlrlrcbo
614 786 638 828 e.
660 766 769 845 Epidii
794 766 830 828 ia
850 766 968 847 Ersarl
992 768 1166 850 arerlrcufen
1184 767 1294 848 belrufs
1321 767 1516 848 Vollcrtdanp
1535 768 1590 829 des

383 867 619 946 capefauycnen
644 861 838 925 Turmbaucs
855 864 917 926 dea
938 863 1106 928 alaman
1118 865 1326 947 Hepaemcaa
1347 865 1417 927 aad
1436 864 1587 929 Gerdrod

389 985 447 1026 voa
469 961 649 1025 Nordbusen
669 964 726 1042 [alr
748 966 789 1024 16
811 960 911 1024 Morb
931 962 1032 1025 Sr'lber
1052 963 1120 1025 eiua
1137 962 1390 1044 lobeasldoylicbo
1410 960 1509 1025 Reate
1529 983 1587 1025 voa

385 1066 408 1127 2
430 1060 530 1124 Maris
551 1080 612 1123 cus
632 1058 700 1123 drel
720 1056 920 1122 Kramldum
941 1060 996 1123 der
1014 1059 1141 1124 Klrolrc.

443 1178 487 1235 Or.
503 1179 542 1231 im
560 1177 597 1236 Ε,
607 1176 641 1230 A.
661 1174 723 1231 sd.

383 1300 421 1364 Iu
453 1302 581 1364 nomine
602 1298 732 1363 Domini
757 1318 859 1363 amen.
906 1298 973 1363 Nos
995 1347 1026 1361 ..
1059 1300 1202 1364 officialis
1229 1301 1426 1384 prepositure
1455 1299 1587 1363 ecclesie

283 1400 312 1464 b.
325 1398 424 1462 Marte
436 1398 634 1461 Folordensis
646 1399 902 1479 recognoscimus
911 1402 942 1460 et
952 1397 1152 1479 presentibus
1163 1397 1288 1481 publice
1299 1397 1492 1481 profitemur,
1500 1398 1586 1481 quod

283 1498 432 1561 dominus
451 1496 609 1560 lohannes
628 1495 792 1577 plebanus,
809 1494 1016 1559 Hermannus
1031 1494 1207 1559 Tesohener
1224 1502 1256 1558 et
1271 1494 1587 1559 ConradusHumrer

283 1604 549 1684 procuratores..
573 1594 731 1676 ceterique
763 1592 954 1676 parochiales
979 1594 1120 1656 universi
1148 1592 1278 1656 ecclesie
1304 1595 1405 1656 sancti
1426 1592 1530 1675 Egidii
1550 1594 1586 1655 in

282 1698 426 1761 Erlordia
456 1714 511 1779 pro
537 1691 796 1756 consummandis
829 1691 962 1754 edificiis
989 1692 1144 1754 inchoatis
1170 1692 1202 1753 in
1229 1691 1366 1773 quadam
1387 1692 1484 1769 turri,
1509 1709 1586 1767 oon-⁴

283 1799 401 1879 tiguata
423 1794 482 1876 ipsi
503 1791 645 1866 ecclesie,
666 1790 707 1852 in.
722 1808 786 1872 qua
805 1789 885 1851 turri
906 1789 1048 1851 sacristia
1068 1792 1099 1852 et
1114 1788 1205 1871 plura
1222 1789 1284 1851 alia
1298 1789 1488 1851 reservanda
1503 1788 1586 1852 dicte

282 1893 411 1956 ecclesie
439 1890 527 1954 utilia
547 1894 578 1951 et
599 1888 774 1951 necessaria
800 1893 1020 1969 preparantur,
1045 1889 1175 1949 nomine
1200 1888 1301 1971 ipsius
1321 1886 1453 1949 ecclesie
1474 1892 1585 1948 tracta·

281 1990 381 2069 tibus,
406 1988 491 2051 bona
519 1984 747 2048 deliberacione
772 1990 803 2047 et
828 1984 970 2047 consiliis
995 1983 1174 2067 probabitis,
1201 1984 1412 2048 vendiderunt
1432 1991 1463 2046 et
1489 1983 1585 2047 tradi-

281 2090 396 2150 derunt
426 2085 658 2166 Heynemanno
687 2082 725 2145 de
755 2081 936 2145 Northnsen
964 2088 996 2145 et
1026 2081 1183 2145 Gerdrndi
1214 2084 1309 2145 uxori
1339 2102 1398 2145 sue
1425 2082 1586 2163 legittime,

281 2184 414 2267 opidano
427 2181 622 2259 Erlordensi,
643 2181 722 2243 duas
738 2199 858 2242 marcae
880 2180 981 2243 annui
1002 2199 1118 2243 census
1139 2180 1259 2243 usualis
1281 2181 1416 2263 argenti,
1437 2178 1582 2243 videlicet

281 2284 361 2346 duas
384 2281 481 2343 libras
506 2279 708 2341 denariorum
735 2275 974 2340 Idrlordensium
1000 2297 1056 2360 pro
1078 2296 1183 2340 maroa
1210 2277 1349 2361 qualibet
1373 2277 1585 2359 conputando,

281 2379 484 2465 possidendas
511 2384 542 2441 et
569 2375 722 2439 tenendas
748 2374 786 2437 ad
814 2377 877 2437 vite
903 2393 961 2439 sne
987 2382 1018 2438 et
1045 2376 1176 2441 alterius
1203 2378 1364 2459 ipsorum,
1392 2376 1448 2458 qui
1476 2393 1585 2457 super·

281 2478 409 2554 vixerit,
433 2480 574 2557 tempora
600 2492 637 2535 ao
663 2472 828 2535 solvendas
854 2473 914 2535 sibi
941 2479 973 2535 et
999 2473 1088 2536 alteri
1110 2474 1264 2555 ipsorum,
1290 2476 1346 2556 qui
1367 2475 1586 2557 supervixerit,

280 2595 377 2638 ranem
409 2591 546 2636 maroam
576 2572 609 2632 in
642 2570 721 2632 festo
753 2577 860 2633 sancte
882 2568 1065 2654 walpurgis
1096 2578 1127 2633 et
1152 2591 1250 2634 unam
1280 2591 1417 2634 marcam
1444 2572 1478 2634 in
1505 2570 1585 2634 festo

280 2674 310 2738 S.
333 2672 461 2735 Martini
487 2670 580 2733 annis
608 2667 742 2750 singulis
768 2668 921 2750 complete
947 2674 978 2730 et
1003 2668 1125 2751 integre
1155 2668 1193 2731 de
1219 2668 1310 2731 bonis
1331 2687 1388 2733 seu
1411 2668 1585 2733 redditibus

281 2772 382 2855 ipsius
403 2768 533 2833 ecclesie
556 2766 772 2848 infrascriptis,
794 2764 939 2829 videlicet
959 2766 999 2828 de
1019 2768 1136 2845 instita,
1159 2784 1254 2849 quam
1272 2766 1585 2829 dominaKamenna

281 2868 476 2953 apothecaria
503 2870 535 2930 et
555 2862 727 2926 Heinrions
753 2864 821 2925 eins
847 2862 947 2943 filius,
972 2865 1046 2926 item
1073 2864 1112 2927 de
1137 2863 1261 2927 duabus
1286 2862 1375 2926 libris
1400 2864 1439 2927 de
1466 2864 1582 2940 instita,

285 2986 378 3049 quam
402 2963 559 3027 Iohannes
586 2961 688 3023 dictus
710 2958 830 3022 Ozzech
861 2966 893 3023 et
920 2980 1002 3023 uxor
1028 2980 1088 3024 sua
1106 2960 1271 3044 legittima,
1298 2962 1373 3024 item
1395 2962 1434 3023 de
1457 2963 1584 3044 triginta

280 3064 388 3127 solidis
423 3061 623 3124 denariorum
652 3055 889 3120 Erlordensium
928 3058 967 3120 de
1004 3059 1125 3139 instita,
1166 3079 1261 3142 quam
1293 3057 1467 3121 Katherina
1502 3059 1583 3122 diota

280 3162 399 3223 Riohen
429 3164 537 3222 tenent
563 3162 594 3220 et
621 3154 796 3239 possident,
823 3156 882 3237 ipsi
904 3154 1034 3219 ecclesie
1056 3159 1185 3220 nomine
1205 3174 1321 3219 census
1341 3158 1441 3219 annui
1462 3155 1585 3233 debitis,

280 3261 323 3321 ita
340 3257 433 3340 quod,
448 3262 615 3338 postquam
632 3252 761 3335 predicti
780 3260 936 3335 emptores
958 3254 1007 3317 vel
1023 3254 1101 3318 alter
1121 3256 1272 3338 ipsorum,
1290 3256 1346 3336 qui
1366 3254 1584 3337 supervixerit,

281 3358 348 3420 suis
370 3353 512 3418 terminis
534 3352 613 3414 duas
633 3370 767 3425 marcae,
788 3356 825 3413 ut
846 3351 1057 3434 prescribitur,
1079 3354 1239 3416 consecuti
1257 3354 1391 3432 fuerint,
1411 3353 1585 3431 residuum,

281 3453 365 3537 quod
393 3448 558 3533 superlluit
584 3448 666 3531 apud
688 3450 788 3531 ipsam
811 3448 995 3528 ecclesiam,
1020 3458 1181 3514 remaneat
1205 3452 1238 3514 in
1261 3471 1340 3515 usus
1370 3471 1464 3529 suos,
1490 3460 1584 3535 prout

280 3556 469 3636 oportunum
493 3548 602 3625 luerit,
633 3547 895 3626 convertendum,
925 3567 980 3632 pro
1012 3550 1116 3630 precio
1147 3549 1281 3611 sedecim
1312 3568 1489 3612 marcarum
1510 3550 1581 3632 puri

279 3649 415 3733 argenti,
442 3646 526 3729 quod
545 3645 686 3728 precium
707 3644 887 3708 venditores
908 3647 1038 3709 nomine
1058 3664 1122 3728 quo
1144 3666 1240 3729 supra
1259 3648 1381 3710 iustum
1402 3653 1583 3730 reputantes

279 3748 340 3812 sibi
366 3746 559 3809 solutumst
586 3741 792 3825 ponderatum
813 3762 832 3805 a
855 3744 982 3825 pretatis
1008 3743 1204 3826 emptoribus
1232 3744 1385 3827 complete
1410 3750 1441 3808 et
1462 3746 1583 3826 integre

280 3852 355 3911 sunt
387 3842 530 3907 confessi.
577 3838 854 3903 Renuntiavernnt
888 3841 1044 3923 siquidem
1071 3841 1250 3905 venditores
1278 3843 1407 3925 predicti
1435 3862 1583 3921 expresse

278 3942 456 4027 exceptioni
477 3958 541 4003 non
562 3938 669 4016 soluti,
690 3956 753 3999 non
775 3937 939 4021 ponderati
959 3958 1017 4000 seu
1037 3958 1101 4000 nou
1121 3942 1279 4003 numerati
1295 3942 1409 4023 precii,
1428 3938 1581 4003 beneficio

278 4040 486 4106 restitutionis
514 4038 546 4099 in
576 4037 751 4117 integrum,
784 4036 900 4097 achoni
926 4037 958 4098 in
987 4035 1124 4114 lactum,
1153 4038 1215 4101 doli
1245 4039 1319 4101 mali
1348 4046 1379 4102 et
1407 4038 1582 4121 specialiter

279 4142 349 4221 legi,
371 4158 435 4221 qua
454 4140 582 4198 cavetur
603 4133 878 4195 renuneiacionem
899 4134 1077 4215 generalem
1099 4154 1168 4198 esse
1188 4135 1373 4214 invalidam,
1394 4137 1582 4219 generaliter

278 4241 375 4303 eciam
405 4235 492 4298 omni
520 4230 672 4294 beneficio
698 4230 775 4313 legis
800 4230 846 4293 rel
868 4233 1014 4312 canonis,
1037 4252 1093 4315 per
1111 4232 1195 4315 quod
1217 4232 1322 4295 dictus
1342 4238 1523 4295 contractus
1546 4234 1578 4294 in

243 4380 245 4385 .
278 4344 342 4400 toto
363 4334 412 4397 vel
433 4333 466 4395 in
490 4335 577 4413 parte
596 4328 718 4405 viciari,
748 4329 862 4391 irritari
882 4336 988 4412 posset
1006 4330 1183 4413 aliqualiter
1202 4336 1259 4393 aut
1276 4330 1426 4408 rescindi,
1451 4332 1579 4413 promit-

279 4442 379 4498 tentes
408 4429 540 4493 fideliter
561 4428 689 4489 nomine
711 4447 773 4509 quo
794 4447 891 4509 supra
911 4426 1003 4490 dictis
1022 4428 1216 4511 emptoribus
1238 4427 1463 4510 stipulantibus
1483 4446 1580 4511 super

280 4530 415 4617 predicto
437 4546 535 4591 censu
556 4526 641 4589 litem
665 4532 720 4587 ant
740 4526 986 4589 controversiam
1008 4546 1073 4589 non
1093 4527 1225 4607 inferre,
1252 4526 1398 4589 inferenti
1418 4545 1483 4590 non
1504 4545 1579 4590 con·
