3525 5209
289 404 343 462 830
594 448 599 456 .
649 402 924 477 Geachichtsquellen
943 404 993 459 der
1009 404 1090 463 Pror,
1104 402 1235 460 Sachseu

290 557 468 641 aliqualiter
490 557 665 637 molestare,
694 564 726 621 et
752 556 927 641 specialiter
953 557 1117 619 occasione
1144 557 1243 621 nostri
1269 562 1325 621 aut
1352 558 1434 621 sacri
1461 554 1598 619 Romani

291 656 412 738 imperii
445 654 493 719 vel
526 654 655 719 ecclesie
676 654 863 739 Moguntine
889 660 946 718 aut
968 654 1275 739 archiepiscoporum
1296 653 1427 718 ecclesie
1447 652 1598 732 eiusdem,

290 743 352 837 qui
368 756 444 817 tuno
466 770 522 836 pro
543 758 683 836 tempore
701 753 828 831 fuerint,
849 770 907 817 seu
927 751 1057 815 alterius
1073 753 1295 835 cuiuscunque
1309 768 1451 835 persone,
1472 770 1597 814 necnon

289 870 345 934 pro
383 849 511 931 debitis,
543 852 577 913 in
620 849 737 933 quibus
775 870 834 914 nos
870 855 928 914 aut
965 868 1091 913 sacrum
1123 846 1305 914 Romanum
1339 851 1507 933 imperium
1541 868 1598 912 seu

289 948 513 1031 archiepiscopi
540 948 677 1032 predicte
703 948 833 1013 ecclesie
852 968 910 1013 seu
934 949 1003 1031 ipsa
1029 947 1161 1012 ecclesia
1187 946 1376 1030 Moguufina
1403 952 1459 1011 aut
1486 948 1600 1031 quevis

289 1047 349 1111 alie
377 1065 510 1130 persone
538 1047 656 1111 eisdem
683 1046 892 1131 principibus,
913 1046 1095 1110 comitibuss
1123 1045 1305 1122 baronibus
1332 1043 1600 1125 ministerialibus,

289 1143 445 1207 militibus
466 1162 523 1209 seu
541 1145 685 1228 personis
710 1144 781 1207 aliis
802 1144 1049 1227 quibuscunque
1076 1162 1190 1207 sumus
1210 1142 1262 1207 vel
1286 1143 1442 1207 fuerimus
1462 1140 1601 1225 obligati,

291 1241 463 1305 dnmmodo
492 1241 622 1325 predicti
652 1243 738 1305 cives
766 1242 805 1305 de
821 1261 867 1305 se
901 1239 1144 1315 querulantibus
1173 1246 1206 1306 et
1235 1260 1349 1305 causas
1377 1246 1488 1303 contra
1514 1241 1601 1322 ipsos

287 1340 498 1405 communiter
516 1339 566 1402 vel
578 1339 704 1404 divisim
725 1338 928 1403 moventibus
949 1340 1039 1403 iuxta
1055 1358 1188 1403 suorum
1203 1339 1440 1422 privilegiorum
1458 1343 1599 1401 tenorem

289 1438 389 1520 parati
420 1438 499 1516 sint,
532 1456 637 1501 coram
670 1438 738 1501 suis
774 1437 935 1501 indicibus
964 1436 1216 1519 competentibus
1245 1438 1278 1501 in
1313 1437 1396 1501 dicta
1415 1434 1599 1499 Erfordensi

290 1535 417 1599 civitate
443 1534 594 1599 exhibere
623 1534 743 1599 iustitie
773 1535 1040 1619 complementum
1072 1540 1104 1598 et
1134 1536 1234 1598 eciam
1262 1535 1324 1617 ipsi
1350 1535 1474 1599 iudices
1499 1536 1599 1619 parati

288 1632 419 1707 tuerint,
458 1631 497 1695 de
533 1632 611 1715 ipsis
636 1632 879 1714 querulantibus
908 1633 1009 1697 facere
1039 1633 1195 1696 iustitiam
1224 1631 1411 1714 expeditam.
1463 1632 1600 1717 Insuper

293 1749 421 1815 quoque
443 1732 549 1795 omnia
570 1738 601 1793 et
622 1730 747 1813 singula
768 1750 877 1795 eorum
900 1731 1071 1814 privilegia,
1095 1732 1222 1811 gratias,
1246 1732 1475 1809 concessiones,
1505 1730 1601 1794 liber·

289 1833 378 1908 tates,
406 1828 653 1891 consuetudines
684 1833 780 1911 atque
809 1830 888 1909 iura,
916 1827 1188 1912 quemadmodum
1207 1828 1287 1912 ipsis
1307 1827 1347 1891 ab
1368 1828 1477 1893 inclite
1496 1848 1600 1892 recor-

291 1926 426 1991 datiouis
452 1926 695 2011 imperatoribus
726 1931 758 1990 et
785 1926 915 2011 regibus
945 1924 1113 2003 Romanis,
1142 1925 1319 1989 illustribus
1348 1928 1465 1991 nostris
1491 1929 1601 2011 prede-

290 2024 482 2105 ceesoribus,
523 2042 647 2088 necnon
686 2044 705 2087 a
735 2024 970 2108 Thuringorum
1005 2022 1192 2101 lantgraviis
1233 2026 1408 2109 ceterisque
1444 2031 1599 2089 terrarum

293 2121 431 2189 dominis
466 2122 580 2186 tradita
614 2128 690 2186 sunt
715 2128 747 2185 et
776 2118 939 2195 concessa,
972 2126 1065 2206 prout
1095 2121 1129 2183 in
1156 2121 1328 2185 eorundem
1355 2120 1454 2186 literis
1474 2123 1602 2207 plenius

290 2220 482 2295 continetur,
504 2220 543 2283 de
561 2219 747 2285 liberalitate
767 2220 853 2304 regia
873 2218 1080 2296 ratificamus,
1107 2220 1316 2299 innovamus,
1338 2220 1550 2304 appmbamus
1569 2228 1602 2286 at

289 2318 443 2400 presentis
469 2319 576 2401 scripti
600 2320 773 2401 patrocinio
802 2318 1037 2396 confirmamus,
1066 2319 1264 2381 universitati
1285 2324 1388 2383 vestra
1414 2319 1601 2385 mandantes

290 2421 322 2481 at
342 2416 493 2479 seriosius
512 2416 724 2497 iniungentes,
744 2422 781 2481 ut
801 2416 911 2480 nullus
931 2418 980 2494 sit,
1001 2416 1057 2497 qui
1079 2414 1236 2497 predictos
1256 2417 1342 2479 eires
1362 2432 1420 2480 seu
1440 2416 1600 2483 civitatem

290 2510 513 2576 Elrlordensem
550 2513 584 2576 in
621 2516 761 2597 ipsorum
802 2516 960 2598 personis,
995 2511 1264 2598 possessionibus,
1299 2514 1391 2577 terris
1423 2519 1479 2578 aut
1507 2514 1602 2579 bouis

291 2609 481 2694 supradictis
509 2616 619 2675 contra
644 2612 846 2695 protectionis
874 2617 907 2676 et
929 2611 1121 2677 defensionis
1153 2610 1335 2675 huiusmodi
1366 2630 1491 2675 necnon
1526 2632 1601 2677 con·

290 2706 479 2771 firmationis
494 2714 606 2773 *nostre
626 2716 766 2775 tenorem
782 2716 944 2793 presumat
956 2709 1141 2793 perturbare
1161 2726 1219 2773 seu
1234 2708 1414 2791 aliqualiter
1425 2709 1601 2775 molestare

291 2802 378 2868 Nulli
391 2824 465 2889 ergo
481 2808 611 2871 omnino
626 2807 791 2871 hominum
808 2807 908 2884 liceat,
923 2808 1006 2871 hanc
1020 2812 1127 2871 nostre
1139 2805 1364 2885 ratificationie,
1378 2807 1602 2889 innovationis,

291 2902 532 2987 approbationis,
552 2902 809 2982 confirmationis,
829 2907 1042 2969 concessionis
1062 2911 1093 2969 et
1114 2904 1316 2988 indulgencie
1334 2904 1470 2969 litteram
1487 2906 1601 2970 infrin-

283 3020 377 3085 gere,
397 3002 447 3065 vel
469 3003 497 3065 ei
519 3018 608 3089 ausu
633 3005 798 3068 temerario
825 3002 1004 3086 aliqualiter
1023 3004 1193 3074 conbaire;
1219 3005 1247 3066 si
1272 3004 1346 3086 quis
1373 3008 1479 3067 autem
1507 3022 1602 3069 secus

292 3104 475 3183 attemptare
502 3101 738 3183 presumpserit,
764 3118 894 3183 gravem
919 3106 1026 3165 nostre
1052 3102 1225 3165 maiestatis
1245 3100 1398 3165 offensam
1418 3108 1451 3166 et
1468 3104 1602 3187 insuper

292 3198 406 3279 viginti
426 3197 590 3260 ,librarum
631 3200 700 3261 auri
733 3199 805 3281 puri
842 3216 959 3281 penam
993 3218 1027 3262 se
1055 3200 1181 3263 noverit
1210 3200 1431 3279 incursurum,
1463 3220 1598 3283 quarum

292 3295 489 3359 medietatem
529 3314 653 3358 camere
689 3300 806 3376 nostre,
841 3295 996 3379 reliquam
1019 3316 1094 3360 vero
1130 3298 1232 3381 passis
1267 3297 1417 3360 iniuriam
1451 3298 1601 3363 volumus

291 3392 450 3477 applicari.
504 3392 544 3455 ln
581 3412 716 3477 quorum
756 3394 899 3457 omnium
926 3396 1154 3477 premissorum
1187 3396 1406 3458 testimonium
1440 3403 1601 3478 presentes

291 3490 447 3555 conscribi
472 3496 505 3553 et
525 3496 630 3555 nostm
651 3493 823 3555 maiestatis
844 3491 947 3575 sigillo
968 3493 1123 3556 iussimus
1137 3494 1336 3556 communiri.
1377 3490 1495 3557 Datum
1511 3493 1602 3578 Spire

293 3588 373 3653 Non.
392 3588 535 3652 Ianuarii
555 3606 638 3653 anno
660 3588 789 3652 Domini
811 3588 979 3653 millesimo
994 3590 1214 3653 trecentesimo
1226 3588 1467 3673 quadragesimo
1482 3597 1603 3674 octavo,

289 3686 462 3761 indictione
482 3688 599 3769 prima,
619 3706 789 3771 regnorum
811 3692 992 3751 nostrorum
1013 3706 1097 3752 anno
1118 3687 1267 3751 secundo.

371 3784 413 3849 Et
432 3804 490 3869 ego
509 3784 669 3863 Nicolaus,
691 3784 829 3849 decanus
851 3783 1080 3864 Olomuoeneis,
1100 3784 1173 3849 aule
1191 3786 1277 3867 regie
1296 3786 1512 3868 cancellarius,
1532 3790 1602 3853 vioe

292 3888 323 3947 et
354 3886 485 3949 nomine
514 3883 679 3947 reverendi
709 3883 807 3966 patris
843 3882 965 3946 domini
991 3883 1125 3962 Gerlaci,
1161 3882 1384 3967 archiepiscopi
1410 3882 1602 3969 Mergentini,

291 3983 376 4045 sacri·
391 3984 515 4067 imperii
537 4000 591 4067 per
612 3981 815 4045 Germaniam
835 3980 1114 4061 archicancellarii,
1135 3984 1312 4064 recognovi.

370 4080 431 4145 Per
451 4080 617 4144 dominum
637 4079 861 4145 cancellarium
882 4078 917 4143 P.
939 4077 978 4143 de
996 4078 1097 4145 Luna.

290 4248 405 4336 1348.
432 4247 601 4331 ianuar
626 4248 664 4330 b.
693 4247 857 4349 Speier.
1511 4249 1598 4331 281.

392 4364 479 4430 Kar
499 4365 524 4428 I
529 4365 575 4440 V„
606 4365 771 4430 rrimtsclrer
797 4366 921 4446 Koraia,
955 4366 1097 4447 bestdtiqt
1120 4367 1187 4447 auf
1209 4365 1319 4430 Balteo
1345 4367 1399 4430 das
1424 4366 1523 4431 Rotas
1550 4366 1602 4431 die

398 4461 570 4529 Urmaden
607 4464 682 4529 aber
713 4464 774 4528 dea
807 4464 954 4545 Varltouf
982 4464 1039 4528 der
1073 4463 1264 4546 Grufeclrofl
1295 4464 1470 4529 Weselboolr
1498 4465 1609 4529 darell·

393 4560 486 4645 Graf
508 4560 675 4631 Hemone
697 4580 765 4629 voa·
785 4561 933 4629 emota
959 4582 1003 4629 aa
1028 4562 1080 4628 die
1105 4560 1331 4648 Stothrfuet
1357 4564 1427 4631 aad
1450 4563 1526 4632 aber
1548 4563 1609 4631 die
