3525 5209
793 395 947 467 uacumg.
1471 401 1524 456 aaa

221 549 281 610 sita
301 547 387 630 apud
407 548 516 612 villam
536 545 796 628 Bischofrsleben,
821 545 963 631 depleno
975 548 1522 618 etvoluutarioconsensuomnium

222 645 376 710 heredum
396 653 579 712 nostrorum
596 646 800 712 vendidimus
810 644 1000 710 Theoderico
1009 646 1227 729 Vicedomino,
1244 647 1387 712 Conrado
1397 647 1524 714 Hotter-

220 763 339 807 manno
350 745 560 830 etHartuugo
573 745 813 825 Hottermauno,
831 745 955 809 civibus
966 745 1173 827 inErffordia,
1189 749 1361 810 cumomni
1372 747 1524 824 libertate,

221 842 367 923 utilitate,
389 844 621 910 consuetudine
642 845 759 927 pariter
780 843 957 923 ethonore,
978 849 1073 928 prout
1083 863 1121 910 ea
1135 841 1308 908 habuimus
1319 845 1524 928 usquemodo,

220 961 276 1025 pro
299 942 407 1006 decem
428 949 461 1007 et
481 950 601 1027 septem
621 944 738 1006 mareis
758 941 822 1005 albi
843 941 973 1026 argenti,
994 940 1087 1006 nobis
1108 944 1171 1006 iam
1190 941 1330 1026 plenarie
1345 943 1524 1026 persolutis,

105 1037 108 1042 ’
221 1045 252 1102 et
278 1041 347 1123 ipsa
374 1060 450 1104 vero
477 1040 561 1104 bona
586 1041 736 1124 predictis
762 1040 888 1104 civibus
909 1041 979 1104 iure
1000 1042 1218 1106 concessimus
1237 1042 1353 1106 feodali
1374 1051 1524 1126 perpetuo

218 1137 416 1221 possidenda,
437 1141 522 1203 etin
544 1146 715 1223 posterum,
736 1138 854 1221 quibus
875 1138 1043 1218 voluerint,
1064 1138 1204 1222 predicto
1225 1139 1296 1204 iure
1312 1142 1523 1206 concedemus

220 1235 306 1300 bona
320 1243 502 1314 memorata,
514 1238 761 1301 contradictione
773 1236 914 1318 qualibet
925 1257 988 1300 non
1001 1237 1154 1318 obstante,
1164 1239 1382 1321 promittentes
1395 1241 1523 1304 eosdem

219 1353 316 1417 supra
344 1334 436 1398 bonis
468 1335 617 1418 predictis
646 1336 845 1399 iusticialiter
874 1335 1057 1399 warandare
1086 1339 1117 1399 et
1146 1335 1185 1398 ab
1219 1337 1307 1399 omni
1328 1336 1523 1420 impetitione

220 1431 324 1495 salvos
351 1433 482 1498 reddere
509 1435 637 1518 penitus
661 1454 698 1496 ac
718 1433 916 1518 indempnes.
957 1433 997 1496 In
1018 1435 1112 1498 cuius
1132 1435 1178 1497 rei
1191 1435 1345 1498 notitiam
1368 1441 1399 1500 et
1419 1438 1522 1500 incor-

219 1530 402 1614 ruptibilem
428 1531 610 1596 firmitatem
632 1551 764 1615 presens
785 1533 938 1615 scriptum
960 1533 994 1594 in
1017 1532 1238 1596 certitudinem
1260 1532 1524 1622 dedimussuper

219 1647 264 1708 eo,
288 1628 390 1710 sigillo
411 1636 519 1693 nostro
540 1629 674 1694 fideliter
696 1632 944 1695 communitum.
975 1630 1081 1694 Testes
1102 1632 1197 1694 etiam
1217 1630 1315 1694 huius
1330 1630 1523 1696 venditionis

218 1733 250 1790 et
272 1729 486 1791 concessionis
512 1735 589 1792 sunt
604 1729 754 1792 dominns
769 1727 934 1790 Conradus
952 1727 990 1792 de
1006 1727 1197 1792 Craniohfelt
1213 1729 1312 1806 miles
1333 1727 1522 1812 Hartungus

219 1825 258 1890 do
283 1823 459 1908 Lengefelt,
485 1826 627 1890 Gunzelo
654 1825 910 1906 Truuckeubold,
942 1825 1070 1890 Sibotbo
1098 1827 1273 1890 Goldichen
1299 1833 1330 1891 et
1351 1829 1403 1890 alii
1425 1849 1521 1911 quam

218 1924 327 2007 plures
353 1922 416 1987 fide
438 1925 536 2006 digni.
578 1926 660 1988 Acta
680 1932 756 1989 sunt
781 1925 838 1989 bec
859 1927 894 1987 iu
916 1923 1071 1988 Erlfordia
1092 1945 1176 1988 anno
1198 1925 1356 1990 dominice
1376 1928 1521 1990 incarna-

218 2021 314 2085 tionis
338 2021 379 2084 M.
391 2020 449 2087 CO.
459 2020 634 2102 Lxxvn,
663 2023 742 2086 feria
771 2021 825 2086 Vl.
852 2025 999 2106 proxima
1024 2029 1095 2106 post
1122 2023 1353 2107 purificationis
1385 2043 1410 2090 s.
1423 2024 1522 2089 Mario

219 2139 362 2202 vrrgrms.

218 2269 328 2352 1278.
352 2270 542 2352 (lktober
570 2274 604 2355 l.
1480 2275 1519 2355 c.

322 2405 505 2483 Idnmonn,
534 2407 585 2469 ein
618 2407 751 2484 Gerber,
783 2407 868 2471 scine
894 2407 987 2471 Fron
1013 2407 1082 2470 und
1114 2405 1241 2472 Tocdfcr
1268 2409 1438 2472 vcraicbten
1460 2410 1527 2492 auf

317 2490 420 2566 liciter
445 2504 493 2566 bei
513 2505 647 2585 Μηνὶ,
677 2503 787 2568 welche
812 2507 874 2569 den
901 2525 1010 2568 armen
1032 2503 1183 2570 Schiilern
1209 2507 1263 2570 des
1286 2505 1521 2591 Moriensfiftes

317 2620 384 2664 vom
407 2600 563 2682 Magister
585 2603 753 2668 Hermann
769 2603 898 2668 Porcus
917 2604 1080 2685 pacienti
1100 2604 1224 2668 worden
1245 2603 1328 2668 sind.

370 2720 416 2773 Or.
434 2719 484 2774 mit
501 2718 563 2775 dS.
581 2721 620 2776 im
638 2720 675 2778 D.
685 2721 721 2775 A.

297 2815 327 2878 N
329 2836 363 2879 os
378 2815 587 2881 Hermannus
611 2818 755 2902 pellifex,
776 2817 951 2883 Katberina
975 2838 1058 2882 uxor
1079 2837 1150 2882 mea
1168 2825 1199 2884 et
1213 2819 1279 2882 filia
1297 2825 1404 2884 nostra
1422 2821 1518 2886 unica

218 2915 427 2997 Cuuognndis
474 2916 676 2999 presentibus
725 2916 838 2980 litteris
886 2919 1161 3000 recognoscimus,
1208 2916 1293 3000 quod
1339 2919 1518 2982 secundum

218 3013 457 3093 ordinationem,
477 3014 592 3078 factam
613 3035 669 3099 per
687 3015 850 3078 dominum
872 3021 1018 3079 nostrum
1036 3015 1236 3078 Guntherum
1253 3014 1395 3096 militem,
1415 3014 1518 3080 filium

220 3113 350 3196 dapiferi
382 3112 420 3176 de
445 3113 611 3193 Slatbeim,
642 3115 676 3176 iu
703 3133 815 3194 causa,
847 3133 944 3196 quam
971 3113 1144 3177 habuimus
1169 3119 1279 3176 contra
1305 3112 1461 3176 decanum
1489 3120 1520 3178 et

217 3211 391 3294 capitulum
421 3231 446 3274 s.
464 3209 564 3275 Marie
589 3213 623 3274 iu
653 3211 797 3274 Erfordia
822 3231 919 3294 super
940 3213 1022 3293 agris
1044 3209 1118 3273 XII.
1141 3210 1224 3294 apud
1245 3209 1422 3274 Erfordiam
1443 3213 1520 3290 sitis,

217 3330 299 3393 quos
316 3310 467 3392 magister
486 3310 694 3374 Hermannns
715 3309 855 3390 Parvus,
875 3308 1050 3373 Helmerioi
1071 3309 1169 3390 filius,
1190 3308 1307 3391 legavit
1325 3308 1519 3391 pauperibus

218 3407 409 3487 scolaribus,
431 3408 532 3471 scolas
550 3409 682 3472 ecclesie
703 3429 727 3471 s.
740 3407 837 3470 Mario
854 3407 1144 3490 frequentantibus,
1163 3413 1194 3471 et
1216 3426 1312 3490 super
1326 3406 1518 3490 quibusdam

216 3507 301 3585 aliis,
336 3525 398 3588 que
434 3513 612 3588 competere
649 3505 741 3570 nobis
781 3511 910 3589 possent
952 3511 1062 3569 contra
1099 3506 1264 3569 ecelesiam
1302 3511 1518 3586 memoratam,

216 3605 473 3668 renuntiavimus
499 3605 586 3666 omni
612 3605 675 3667 iuri
698 3611 729 3667 et
755 3605 871 3687 pariter
898 3605 1028 3684 actioni,
1055 3614 1085 3666 et
1113 3604 1197 3687 quod
1227 3604 1357 3686 proinde
1378 3603 1518 3668 decanus

217 3708 248 3765 et
285 3700 458 3784 capitulum
494 3703 659 3766 memorati
690 3701 782 3764 nobis
827 3702 946 3765 talenta
993 3707 1131 3784 quatuor
1167 3708 1197 3765 et
1226 3701 1393 3764 dimidium
1424 3702 1517 3765 nobis

216 3800 410 3880 integraliter
435 3800 664 3882 persolverunt.
710 3799 817 3864 Testes
847 3800 946 3862 huius
972 3801 1017 3862 rei
1044 3805 1120 3862 sunt
1148 3800 1297 3863 domiuus
1333 3799 1517 3864 Guntherus

215 3897 429 3980 supradictus,
458 3897 608 3960 domiuus
629 3896 802 3962 frudowius
823 3897 862 3962 de
882 3897 1067 3980 Deginstete
1088 3903 1120 3960 et
1138 3897 1287 3961 domiuus
1306 3897 1517 3962 Theodericus

215 3995 254 4059 de
266 3994 551 4076 lloinwardisburg
567 3995 682 4072 clerici,
702 3996 851 4060 Siboldus
865 3995 1014 4070 Bendelo,
1036 3997 1115 4058 civis
1131 3995 1338 4076 blrfordensis,
1359 4000 1391 4059 et
1410 3996 1516 4078 plures

214 4093 268 4155 alii
295 4091 385 4175 probi
412 4092 479 4155 viri.
523 4091 565 4156 Ut
592 4103 699 4158 autern
726 4097 899 4178 prescripta
925 4099 1077 4177 perpetuo
1105 4094 1269 4158 obtineant
1293 4093 1393 4157 robur
1413 4094 1517 4158 debite

214 4192 384 4271 firmitatis,
412 4190 529 4253 decano
554 4196 586 4254 et
612 4190 751 4273 capitulo
775 4193 947 4274 prenotatis
975 4191 1095 4254 domini
1122 4192 1294 4270 Guntberi,
1321 4193 1427 4275 sepius
1453 4195 1516 4256 iam

214 4290 356 4374 protacti,
383 4289 485 4370 sigillo
515 4289 572 4352 has
599 4289 717 4353 litteras
741 4290 913 4372 petivimus
943 4289 1084 4370 sigillari.
1125 4289 1195 4374 Ego
1216 4291 1311 4354 etiam
1331 4291 1516 4355 Guntberus

214 4390 374 4474 predictus
395 4387 539 4450 similiter
556 4407 755 4468 recognosco,
776 4388 862 4470 quod
876 4387 916 4450 ad
939 4387 1040 4466 Η.,Κ.
1061 4387 1134 4452 stc.
1156 4387 1369 4471 predictorum
1385 4407 1515 4471 precum

213 4489 398 4553 instantiam
420 4505 491 4548 meo
512 4486 616 4562 sigillo
637 4487 723 4568 ipsas
742 4485 862 4549 litteras
883 4487 1089 4550 communivi.
1131 4483 1250 4550 Datum
1268 4485 1412 4550 Erfordie
1430 4507 1515 4551 anno

213 4587 344 4651 Domini
364 4584 407 4650 n.
417 4583 476 4649 CO.
487 4583 671 4649 LXXVIII.
691 4586 727 4648 in
754 4585 805 4649 dic
823 4583 970 4668 Remigii.
