3525 5209
493 420 723 474 Urlrnndenbnclr
742 420 791 474 dar
810 421 891 474 Stadt
912 421 1013 476 Erturt
1059 423 1095 480 ΙΙ,
1114 422 1192 477 Theil
1448 423 1497 476 149

189 587 412 672 Beringerum,
444 591 531 652 omni
565 589 635 652 dolo
668 596 698 652 et
725 589 835 653 frande
870 593 996 674 penitus
1025 591 1176 656 exclusis.
1200 611 1271 654 cum
1300 591 1392 674 pleno
1418 591 1498 654 iuris

190 686 329 750 dominio
360 689 580 750 transterinrus
607 707 660 770 per
686 694 846 770 presentes
867 691 927 752 iuri
957 695 1063 753 nostro
1090 689 1240 772 predicto,
1267 709 1329 770 qaae
1352 687 1443 750 nobis
1464 689 1496 750 in

189 784 430 864 collacionibus,
451 785 735 868 presentationibus
752 785 974 849 beneficiorum
992 787 1177 858 huiusmodi
1194 807 1230 849 ac
1247 787 1278 848 in
1292 785 1498 850 decimatione

190 883 328 964 predicta
355 883 551 968 competebat
579 903 615 945 ac
642 884 810 947 heredibus
831 887 949 947 nostris
967 886 1000 948 in
1022 885 1166 948 futurum
1188 891 1363 968 competere
1384 891 1497 967 posset,

189 999 337 1062 expresse
383 990 414 1043 et
453 979 576 1063 publice
620 981 863 1050 renunctiandO:
897 983 1109 1064 promittimus
1140 983 1231 1046 etiam
1263 981 1434 1044 Heinricns
1468 988 1498 1045 et

189 1077 397 1141 Hermannus
419 1079 548 1161 predicti
566 1099 621 1159 pro
645 1078 781 1141 Henriee
803 1079 841 1141 de
863 1077 1043 1160 Meldingen
1067 1079 1199 1163 patrueli
1226 1085 1342 1150 nostre,
1362 1081 1497 1142 moranti

190 1176 223 1236 in
245 1173 437 1256 Meldingen,
458 1176 512 1258 qui
525 1177 684 1258 quondam
707 1177 805 1238 insin
823 1174 1025 1240 collacionem
1046 1176 1269 1239 beneficiorum
1287 1176 1497 1257 predictorum

192 1271 368 1336 dinoscitur
397 1273 564 1350 habuisse,
588 1294 624 1336 ac
647 1293 701 1357 pro
723 1273 894 1356 Beringero
924 1274 1019 1338 tratre
1048 1273 1497 1358 nostroprelat0,Be1r'ngero

191 1371 322 1453 patrueli
351 1376 458 1434 nostro
487 1391 582 1454 super
609 1372 834 1455 impedimento
861 1378 891 1434 et
913 1372 1119 1455 impetitione,
1141 1373 1167 1435 si
1190 1371 1392 1454 quaterent,
1414 1371 1497 1454 quod

190 1468 285 1544 absit,
314 1487 424 1532 cavere
446 1489 481 1532 ac
503 1471 605 1553 ipsum
628 1489 685 1534 nos
706 1469 786 1533 velle
809 1469 846 1532 de
869 1469 994 1533 iuribus
1017 1469 1195 1534 huiusmodi
1219 1468 1412 1547 warandare,
1433 1467 1498 1532 exi·

191 1585 276 1629 mere
297 1573 328 1629 et
349 1570 475 1649 penitus
491 1567 692 1650 indempnem
713 1567 843 1629 reddere
858 1573 968 1630 contra
990 1567 1163 1651 quamlibet
1185 1585 1349 1650 personam
1372 1567 1499 1630 ecclesi-

190 1667 319 1727 asticam
332 1665 381 1727 vel
395 1665 601 1728 mundanam.
617 1663 760 1728 Preterea
772 1667 986 1748 promittimus
999 1685 1056 1728 nos
1066 1663 1239 1728 Heinricns
1251 1671 1281 1727 et
1293 1663 1499 1726 Hermannns

191 1763 337 1845 predicti,
367 1763 466 1846 qnod.
494 1765 519 1826 si
547 1763 752 1846 Beringerns
786 1771 879 1825 natus
911 1763 1070 1844 quondam
1093 1761 1222 1825 Henrici
1250 1763 1288 1824 de
1317 1759 1495 1844 Meldingen

192 1861 300 1923 militis
326 1861 476 1943 patruelis
503 1862 600 1924 nestri
623 1861 793 1944 predictus,
821 1861 956 1923 voluerit
986 1864 1068 1936 iura,
1097 1866 1268 1942 proventus
1290 1859 1493 1922 ecclesiarum

191 1977 248 2021 seu
270 1957 493 2021 beneficiorum
523 1958 705 2020 huiusmodi
734 1956 827 2019 alicui
854 1959 999 2030 ecclesie,
1028 1960 1094 2022 sive
1116 1959 1156 2020 sit
1177 1957 1307 2021 ecclesia
1327 1955 1498 2039 collegiata,

190 2057 257 2120 sive
278 2058 312 2119 in
332 2056 431 2120 alium
453 2075 678 2139 quemcunque
698 2063 905 2133 conventum,
928 2075 982 2140 pro
1004 2076 1063 2119 sua
1085 2055 1245 2120 voluntate
1267 2053 1402 2118 alienare
1423 2059 1453 2116 et
1482 2075 1499 2117 a

191 2175 225 2217 se
251 2153 395 2217 abdicare
419 2153 590 2217 decreverit
616 2163 671 2217 aut
697 2153 845 2224 voluerit,
870 2155 930 2217 hoc
957 2154 1040 2218 licite
1062 2155 1174 2238 poterit
1194 2161 1224 2218 et
1245 2152 1383 2228 debebit,
1406 2172 1501 2236 super

192 2271 255 2334 quo
280 2259 311 2314 et
339 2251 457 2335 quibus
483 2253 617 2316 facimus
647 2251 747 2315 eidem
771 2251 943 2334 Beringerc
970 2253 1094 2336 plenam
1117 2251 1307 2314 warandiam
1331 2257 1361 2314 et
1382 2249 1420 2314 dc
1440 2252 1499 2313 im-

90 2397 94 2405 .
192 2351 341 2432 petitione
367 2370 404 2412 ac
430 2351 469 2413 de
490 2352 645 2413 evictione
666 2369 947 2433 quommcunquo,
970 2351 1053 2426 osred
1077 2350 1172 2426 absit,
1192 2352 1295 2432 ipsum
1320 2357 1450 2412 cautum
1470 2355 1500 2412 et

192 2466 340 2510 securum
362 2446 491 2510 reddere
512 2448 725 2530 promittimus
747 2453 778 2510 et
795 2447 1007 2530 indempnem.
1050 2447 1270 2510 Promittimns
1291 2449 1422 2530 insuper
1443 2467 1501 2510 nos

192 2545 363 2608 Heinricns
390 2551 420 2607 et
440 2543 646 2609 Hermannns
667 2566 722 2629 pro
744 2544 851 2625 nobie,
878 2543 1049 2628 Beringero
1070 2546 1165 2608 tratre
1185 2551 1292 2608 nostro
1312 2551 1342 2608 et
1363 2544 1500 2608 Henrico

192 2643 327 2728 patrueli
338 2649 454 2712 nostro.
471 2645 607 2706 moranti
623 2645 655 2706 in
672 2641 862 2726 Meldingen,
879 2653 911 2707 et
925 2643 1100 2711 heredibus,
1122 2645 1259 2706 strenuis
1272 2644 1348 2705 viris
1360 2642 1500 2706 Rudnlfo

193 2742 231 2804 de
255 2739 435 2822 Meldingen
457 2741 565 2818 militi,
586 2739 753 2804 Ludewico
776 2741 815 2803 de
837 2739 1026 2831 Meldingen,
1048 2742 1197 2804 advocato
1219 2743 1249 2802 in
1276 2738 1501 2820 Luchtenberg.

194 2839 364 2922 Beringero
391 2839 487 2901 tratre
515 2840 587 2902 dicti
616 2837 788 2916 ludewici,
817 2839 985 2903 Ludenico
1012 2841 1049 2903 de
1079 2839 1270 2922 Meldingen,
1305 2836 1439 2900 moranti
1467 2839 1501 2899 in

193 2943 296 3000 castre
330 2938 484 3019 superiori
513 2935 726 3015 Cranichteld,
761 2943 791 3000 et
825 2937 996 3020 Beringero
1033 2939 1128 3000 fratre
1165 2937 1306 3000 eiusdem
1333 2933 1503 3018 Ludewici,

193 3037 404 3118 resignatione
428 3035 545 3098 iuriam
569 3035 769 3113 huiusmodi,
796 3055 851 3118 per
881 3056 939 3099 nos
961 3035 1058 3098 nobili
1080 3038 1147 3098 viro
1170 3036 1296 3098 domino
1317 3031 1501 3095 Hermanno

193 3134 300 3196 comiti
327 3131 365 3195 de
387 3131 517 3194 Gliclren
543 3132 681 3214 legitime
711 3133 857 3196 similiter
886 3135 994 3201 faeta,
1011 3133 1095 3215 quod
1126 3151 1184 3196 nos
1215 3133 1363 3194 volumus
1391 3135 1421 3192 et
1449 3129 1501 3192 de-

195 3235 306 3295 bemus
339 3231 445 3292 emuia
476 3239 507 3294 et
540 3231 665 3313 singula
698 3233 850 3313 premissa
879 3231 1050 3314 Beringero
1086 3232 1124 3294 de
1154 3229 1334 3310 Meldingen
1369 3217 1502 3310 patrueli

196 3335 301 3393 nostre
312 3327 450 3411 predicto
468 3335 542 3406 rata,
558 3337 645 3410 grata
662 3335 693 3391 et
706 3327 797 3391 firma
808 3335 914 3392 tenere
930 3348 966 3392 ac
983 3349 1018 3391 ea
1031 3329 1187 3412 perpetuis
1197 3325 1391 3409 temporibus
1402 3327 1502 3388 invio·

193 3427 328 3491 labiliter
353 3428 387 3488 in
419 3426 567 3488 omnibns
595 3425 777 3504 observare,
804 3427 837 3489 in
867 3447 1005 3509 quorum
1034 3427 1169 3515 evidens
1191 3425 1407 3488 testimonium
1435 3443 1503 3506 pre·

196 3528 365 3589 missorum
390 3531 566 3607 presentem
585 3524 719 3585 litteram
738 3523 883 3586 dedimus
897 3524 957 3587 sub
972 3525 1162 3608 appensione
1181 3522 1273 3606 sigilli
1288 3523 1348 3586 mei
1360 3520 1500 3584 Heinrici

195 3623 233 3686 de
254 3621 436 3703 lleldingen
464 3622 597 3683 senioris
624 3621 791 3701 sepedicti,
822 3642 885 3703 qno
915 3631 946 3684 et
975 3641 1031 3703 ego
1053 3619 1258 3684 Hermannus
1286 3627 1358 3683 utor
1379 3625 1408 3682 et
1429 3639 1504 3682 con-

195 3728 298 3783 tentor
311 3719 348 3781 ad
363 3719 515 3802 premissa
534 3727 565 3781 et
575 3717 737 3801 quodlibet
756 3721 993 3801 premissorum.
1023 3717 1129 3782 Testes
1150 3720 1247 3782 huius
1259 3723 1348 3782 sunt:
1371 3718 1504 3780 honera·

196 3819 273 3881 biles
296 3818 354 3879 viri
376 3817 524 3880 dominus
536 3815 741 3880 Hermannus
762 3816 859 3880 abbas
874 3817 1055 3880 monasterii
1073 3818 1172 3879 sancti
1186 3815 1267 3879 Petri
1282 3813 1504 3892 Flrffurdcnsis,

198 3915 401 3979 Hermannns
429 3913 467 3976 de
497 3914 569 3976 Alch
599 3922 778 3998 procurator
808 3915 883 3977 dicti
911 3916 1101 3991 monasterii,
1124 3913 1272 3976 tilbertus
1294 3912 1331 3975 de
1353 3909 1506 3974 Witterde

197 4013 295 4086 miles,
317 4011 488 4076 Heinricns
510 4011 548 4075 de
562 4011 719 4095 Kongissc
737 4013 909 4075 advocatus
930 4013 964 4074 in
982 4011 1110 4074 Glichen
1128 4018 1158 4073 et
1174 4009 1346 4072 Heinricns
1363 4009 1506 4072 Bararus

196 4115 350 4178 scultetus
371 4104 502 4194 predicti
524 4111 643 4175 domini
666 4109 789 4174 abbatis
811 4111 915 4174 etalii
936 4110 1043 4193 plnres
1066 4110 1127 4172 tide
1148 4108 1243 4192 digni.
1284 4106 1402 4170 Datum
1423 4126 1506 4170 anno

197 4210 326 4275 Domini
345 4211 513 4274 millesimo
534 4211 747 4274 tricentesimo
770 4210 927 4272 tricesimo
949 4215 1070 4284 octavo,
1092 4206 1212 4270 decimo
1232 4203 1301 4268 Kal.
1323 4203 1450 4288 Aprilis.
