3525 5209
488 395 715 452 Urkundoubuch
733 396 782 452 der
800 397 885 453 Stadt
902 397 1008 453 Erfurt.
1043 397 1083 452 II.
1098 395 1183 452 Theil.
1438 397 1489 451 135

180 544 325 612 Unsothe
350 553 508 612 rectorum
529 553 770 631 ceterorumque
792 549 1014 628 magistrorum
1046 547 1254 612 consulum..
1280 553 1438 611 rectorum
1459 553 1490 610 et

180 646 316 709 aliorum
349 646 517 709 consulum
548 647 754 729 opidanorum
777 645 1015 708 Eriordensium
1036 653 1066 709 et
1098 645 1323 709 nonnullorum
1356 646 1488 709 aliorum

180 743 358 824 laycorum,
395 763 506 806 eorum
543 745 576 806 in
616 744 675 806 hac
704 751 791 827 parte
829 743 1007 826 conplicum
1039 750 1070 806 et
1096 743 1272 806 scottorum
1304 743 1489 826 Moguntine

180 841 327 922 dyocesis
357 848 552 924 presentatus
579 843 757 926 recepimus
783 844 867 904 siout
892 842 999 905 decuit
1017 847 1211 916 reverenter,
1237 859 1373 923 quarum
1400 847 1491 906 tenor

181 940 221 1002 de
241 940 338 1003 verbo
359 939 400 1002 ad
420 939 552 1003 verbum
576 941 721 1022 sequitur
740 940 800 1003 sub
822 940 880 1002 hac
900 939 1019 1003 forma:

261 1034 443 1100 Venerabili
479 1038 513 1100 in
553 1033 677 1100 Christo
707 1039 787 1119 patri
828 1035 887 1100 Dei
922 1038 1027 1119 gracia
1063 1037 1208 1120 episcopo
1230 1035 1427 1120 Yppusensi,
1456 1038 1489 1098 in

182 1136 310 1216 dyocesi
346 1134 534 1217 Maguutma
569 1155 688 1197 moram
715 1136 864 1213 trahenti,
907 1135 1113 1214 Ganceliuus,
1154 1135 1360 1198 miseracione
1381 1134 1491 1198 divina

181 1235 349 1318 episcopus
365 1232 566 1305 Albanensis,
581 1233 715 1297 salutem
735 1240 766 1296 et
784 1236 940 1297 sinceram
956 1236 990 1296 in
1007 1232 1143 1296 Domino
1158 1233 1332 1296 karitatem.
1370 1232 1491 1316 Iniqui-

182 1332 255 1394 tatis
291 1327 443 1394 effrenata
486 1331 660 1394 insolencia
696 1329 833 1393 filiorum
872 1349 1108 1414 nonuunquam·
1137 1331 1175 1394 ad
1208 1331 1491 1415 transgressionem

182 1429 308 1492 inducit
335 1428 419 1492 filios
443 1430 599 1512 equitatis
640 1429 723 1492 Sane
750 1447 791 1492 ex
811 1437 899 1511 parte
920 1429 1074 1492 Gotsoalci
1094 1429 1132 1492 de
1151 1420 1286 1492 Lubelin
1313 1437 1344 1492 et
1362 1428 1495 1509 Tylonis

184 1527 224 1589 de
239 1525 356 1590 Sachsa
372 1529 594 1610 magistrorum
611 1525 790 1606 consulum,
812 1526 989 1590 Hermanni
1008 1528 1046 1590 de
1065 1517 1250 1590 Rinclroren
1266 1533 1297 1590 et
1310 1525 1492 1590 Theoderici

185 1623 260 1686 dicti
285 1623 429 1688 Unsothe
450 1631 608 1688 rectorum
629 1630 870 1706 oeterorumque
891 1627 1112 1707 magistrorum
1134 1624 1312 1700 consulum,
1334 1630 1491 1688 rectorum

182 1728 214 1784 et
230 1722 363 1785 aliorum
383 1722 553 1786 consulum
574 1723 782 1805 opidanorum
796 1723 1035 1786 Briordensium
1056 1731 1087 1787 et
1107 1715 1334 1786 nonnullorum
1358 1723 1490 1785 aliorum

181 1821 346 1901 laycorum
384 1839 495 1884 eorum
531 1823 564 1884 in
601 1822 660 1884 hac
699 1828 788 1904 parte
817 1821 1007 1905 complicum
1039 1827 1070 1884 et
1099 1821 1273 1884 fauttorum
1309 1819 1493 1902 Mogontine

183 1919 328 1996 diocesis,
360 1917 452 1981 nobis
483 1917 586 1982 oblata
616 1920 730 2002 peticio
762 1917 957 1992 continebat,
990 1919 1073 2002 quod
1110 1917 1186 1980 olim
1217 1916 1424 1982 Hermannus
1455 1919 1493 1982 do

182 2015 325 2096 Bybera,
355 2015 524 2099 presbiter,
550 2017 690 2080 domnus
718 2016 849 2080 ecclesie
875 2016 963 2080 beate
985 2015 1083 2078 Mario
1110 2016 1183 2080 dicti
1207 2015 1267 2078 loci
1286 2013 1493 2096 llrlordensiS,

182 2115 331 2196 nequicie
352 2115 466 2196 spiritu
487 2115 611 2190 ductus,
630 2114 749 2178 eisdam
770 2115 931 2194 magistris
951 2113 1133 2193 consulum,
1154 2111 1336 2192 rectoribus,
1367 2114 1493 2176 ceteris·

183 2230 247 2294 que
276 2211 464 2274 consulibus
491 2231 527 2275 ao
554 2211 750 2295 conplicibus
785 2211 930 2294 opidanis
958 2211 1042 2294 opidi
1070 2210 1267 2274 Erlordensis
1298 2211 1428 2294 predicti
1459 2212 1492 2276 iu

184 2310 328 2392 personis
367 2315 399 2373 et
429 2309 521 2372 benis
552 2309 724 2373 nonnullas
759 2311 892 2373 iniurias
927 2315 958 2371 ct
988 2309 1159 2372 violencias
1189 2315 1298 2372 contra
1329 2305 1432 2372 Deum
1463 2313 1494 2372 ct

182 2408 342 2470 iusticiam
360 2410 515 2490 irrogans,
533 2408 630 2471 iidem
647 2409 789 2491 magistri
805 2407 985 2484 consulum,
1006 2413 1149 2487 rectores,
1169 2407 1314 2470 consules
1334 2412 1492 2470 eteorum

184 2505 343 2589 conplices
381 2523 423 2568 ex
457 2506 606 2588 predictis
642 2506 769 2569 iniuriis
799 2512 831 2568 et
866 2505 1029 2568 violenciis
1054 2523 1118 2568 non
1147 2505 1304 2568 immerito
1336 2505 1493 2584 commoti,

183 2603 320 2667 eundem
342 2603 496 2667 decanum
513 2623 578 2666 non
597 2603 717 2686 absque
734 2623 889 2666 manuum
905 2604 1081 2683 iniectioue,
1101 2601 1160 2666 Dei
1182 2603 1293 2666 timore
1313 2593 1497 2686 postposite,

185 2709 303 2764 temere
324 2701 462 2764 violenta
481 2699 607 2784 publice
635 2708 666 2764 et
686 2701 840 2764 violenter
869 2707 1035 2784 ceperunt,
1062 2719 1201 2782 eumque
1226 2706 1352 2782 captum
1384 2719 1492 2764 secum

185 2798 390 2861 adduxemnt
420 2817 457 2861 ac
482 2798 629 2881 pluribus
655 2798 768 2864 diebus
795 2806 826 2862 et
854 2799 1002 2861 noctibus
1034 2799 1249 2877 detinuerunt,
1281 2797 1401 2881 absque
1432 2797 1493 2860 alia

187 2895 307 2960 lesione
328 2895 448 2959 difficili
477 2896 527 2960 vel
543 2899 669 2960 enormi
690 2896 870 2960 carceribus
900 2897 1130 2979 mancipatum,
1159 2900 1191 2958 et
1216 2903 1397 2978 antequam*
1415 2895 1495 2958 rela-

187 2999 303 3058 xarent
335 2994 490 3071 eundem,
522 3013 562 3057 ex
583 3002 673 3078 pacto
695 2995 775 3058 duos
807 2995 845 3058 de
875 2995 987 3058 dicti..
1025 2994 1135 3056 decani
1154 2992 1322 3070 fratribus,¹
1350 2992 1494 3056 videlicet

185 3091 373 3155 Heinricum
403 3099 434 3154 et
453 3091 674 3156 Hermannum
704 3094 834 3157 clericos
854 3094 888 3155 in
910 3093 1007 3156 saeris
1033 3090 1198 3156 ordinibus
1224 3093 1426 3167 constitutos,
1454 3091 1493 3154 de

184 3191 327 3274 ipsorum
357 3190 543 3253 clericorum
573 3196 650 3254 tuuc
681 3191 844 3254 voluntate
875 3189 943 3254 loco
971 3190 1111 3254 eiusdem
1144 3189 1255 3252 decani
1284 3190 1317 3252 in
1350 3190 1493 3272 ipsorum

185 3287 373 3352 carceralem
408 3289 583 3352 custodiam
619 3297 818 3372 receperunt,
856 3291 1005 3372 ipsosque
1036 3290 1081 3351 sic
1113 3293 1219 3371 captos
1255 3289 1348 3351 etiam
1376 3288 1493 3350 invitos

186 3385 383 3469 aliquamdiu
411 3386 630 3466 detinuerunt,
657 3407 737 3469 quos
764 3406 929 3450 unacum
963 3386 1073 3450 eodem
1086 3435 1111 3449 ..
1143 3385 1261 3450 decano
1293 3386 1492 3469 postmodum

186 3485 394 3547 restituerunt
413 3484 529 3564 illesos,
550 3490 675 3568 propter
694 3503 758 3568 que
773 3485 1140 3548 excommunicationum
1157 3485 1328 3548 sententias
1345 3489 1376 3546 et
1394 3503 1493 3566 penas

187 3589 251 3645 tam
274 3601 293 3644 a
313 3600 436 3646 canone
465 3601 562 3664 quam
589 3601 645 3666 per
672 3589 789 3647 statuta
817 3583 983 3664 synodalia
1012 3588 1043 3646 et
1062 3582 1267 3666 provincialia
1286 3587 1396 3649 contra
1415 3582 1493 3645 tales

187 3699 365 3763 eorumque
385 3700 489 3764 usque
510 3681 549 3743 ad
566 3672 711 3764 quartam
731 3683 969 3763 generacionem
992 3687 1132 3764 posteros
1155 3680 1205 3744 vel
1226 3678 1303 3743 alios
1320 3677 1492 3763 quomodo-

187 3778 266 3842 libet
281 3779 471 3860 generaliter
489 3780 703 3862 promulgatas
729 3781 902 3843 incurrisse
923 3789 1107 3843 noscuntur.
1149 3777 1233 3842 Vero
1254 3798 1327 3841 cum
1350 3779 1493 3860 magistri

188 3877 367 3955 consulum,
380 3884 526 3957 rectores,
542 3878 697 3956 consules,
714 3877 870 3960 conplices
889 3876 988 3940 etalii
1010 3875 1182 3960 supradicti
1200 3881 1324 3959 propter
1345 3893 1492 3957 gwerras,

185 3977 312 4038 riarum
350 3975 532 4039 discrimina
566 3993 742 4059 eorumque
784 3974 1020 4038 multitudinem
1064 3975 1103 4038 ad
1144 3975 1250 4038 sedem
1292 3965 1493 4055 apostolicam

186 4079 347 4156 nequeant
381 4073 585 4157 personaliter
625 4074 785 4151 accedam,
824 4073 1036 4136 absolucionis
1079 4091 1174 4156 super
1210 4073 1268 4134 hoc
1302 4071 1491 4136 beneficium

188 4171 406 4255 optinendum,
426 4171 568 4236 iecerunt
588 4172 751 4235 humiliter
774 4171 954 4255 supplicari,
973 4179 1018 4234 eis
1039 4172 1072 4232 in
1093 4171 1151 4232 hac
1171 4175 1258 4252 parte
1279 4169 1317 4232 de
1338 4175 1493 4251 oportuno

186 4269 327 4332 remedio
348 4287 404 4352 per
425 4269 532 4334 sedem
552 4271 683 4334 eandem
707 4269 949 4334 misericorditer
968 4269 1132 4352 provideri.
1173 4265 1239 4331 Nos
1257 4269 1354 4349 igitur
1375 4268 1492 4352 suppli-

185 4359 371 4430 cacionibus
387 4367 579 4448 huiusmodi,
598 4375 756 4450 quatenus
772 4387 846 4431 cnm
862 4365 930 4429 Deo
946 4368 1114 4450 possimus,
1130 4365 1300 4447 benignius
1316 4372 1493 4428 annuentes

185 4466 371 4528 anctoritate
393 4464 522 4528 Domini
544 4485 630 4550 pape,
650 4467 744 4529 cuius
763 4467 982 4549 penitentiarie
1003 4484 1111 4528 curam
1132 4465 1280 4547 gerimus,
1312 4470 1343 4526 et
1365 4463 1403 4526 de
1424 4464 1493 4526 eius

186 4565 314 4647 speciali
343 4564 491 4637 mandato
522 4583 618 4647 super
649 4565 708 4628 hoc
735 4565 808 4627 vive
838 4565 925 4627 vocis
956 4561 1082 4627 oraculo
1113 4561 1205 4626 nobis
1229 4561 1327 4642 facto,
1358 4561 1492 4623 circum-
