3525 5209
290 397 343 457 560
649 393 924 472 Geschichtsquellen
942 399 992 456 der
1009 393 1089 456 Prov.
1110 393 1240 457 Secheen.

292 553 429 638 capitulo
451 557 541 617 amnt
567 553 701 633 astricti,
730 573 827 637 quam
855 554 949 616 etiam
977 572 1017 617 er
1039 571 1090 634 oo,
1119 555 1195 637 quia
1221 553 1389 635 timebant,
1417 554 1500 638 quod
1530 573 1596 638 pre-

294 655 379 716 fatus
409 651 592 715 Ludovicus
622 652 891 734 archiepiscopum
929 652 984 734 qui
1023 651 1061 714 de
1091 670 1206 736 genere
1235 651 1421 715 dilectorum
1456 652 1597 716 tiliorum

296 749 453 814 nobilium
484 752 625 814 virorum
661 749 879 813 marchionum
908 747 1118 814 Misnensium
1146 750 1301 814 oriundus
1331 752 1453 832 existit,
1478 750 1598 814 dictum

293 849 422 933 opidum
456 849 493 912 ad
521 864 636 910 manus
660 848 870 931 predictorum
893 848 1112 912 marchionum
1135 855 1279 932 poneret,
1310 851 1449 933 predicto
1481 849 1595 912 archia·

294 949 421 1032 piscopo
458 946 585 1009 obedire
613 952 644 1010 et
670 947 774 1026 ipsum
805 947 837 1009 in
860 945 1130 1030 archiepiscopum
1161 949 1299 1032 recipere
1322 967 1359 1012 ac
1386 949 1456 1012 iura
1477 947 1537 1011 sibi
1559 945 1597 1010 ab

296 1048 343 1110 eis
369 1046 475 1109 debita
508 1045 657 1108 exhibere
683 1045 896 1127 denegarunt,
927 1051 1053 1128 propter
1087 1063 1150 1128 que
1181 1045 1321 1130 prelatus
1346 1047 1599 1129 archiepiscopus
1646 1051 1652 1060 '

293 1154 403 1209 contra
433 1143 560 1208 eosdem
593 1144 810 1228 proconsules,
841 1147 988 1208 eonsules
1018 1148 1049 1207 et
1080 1145 1231 1227 opidanos
1262 1144 1404 1208 diversos
1434 1163 1600 1228 processus

294 1243 647 1322 excommunicationis,
681 1242 899 1326 suspensionis
936 1247 966 1305 et
1005 1241 1161 1306 interdicti
1197 1244 1370 1306 sententias
1402 1243 1600 1306 continentes

297 1343 385 1423 fecit,
405 1361 441 1404 ac
462 1341 574 1404 deinde
595 1359 651 1425 pro
672 1346 759 1424 parte
782 1340 856 1403 dicti
879 1341 1104 1424 archiepiscopi
1125 1340 1218 1404 nobis
1238 1342 1397 1425 exposito,
1420 1342 1504 1425 quod
1526 1342 1601 1404 dieti

295 1442 434 1504 decanus
464 1444 495 1502 et
525 1439 700 1522 capitrdum
727 1458 851 1502 necnon
879 1439 1097 1522 proconsules,
1130 1439 1277 1504 consules
1297 1446 1328 1504 et
1348 1440 1474 1525 opidani
1495 1441 1603 1524 ipsum

295 1541 433 1623 recipere
462 1542 495 1601 et
528 1536 587 1600 sibi
622 1536 748 1600 obedire
778 1556 814 1600 ac
844 1538 915 1600 iura
946 1535 1005 1600 sibi
1039 1536 1078 1600 ab
1100 1538 1146 1601 eis
1171 1537 1275 1602 debita
1296 1537 1445 1602 exhibere
1465 1537 1604 1602 indebite

296 1635 507 1720 denegabant,
527 1655 586 1698 uos
607 1655 752 1715 causam,
773 1655 870 1718 quam
883 1636 951 1718 ipse
962 1641 1071 1699 contra
1081 1635 1208 1700 eosdem
1219 1635 1372 1700 decanum
1386 1642 1417 1700 et
1427 1637 1601 1720 capitulum

295 1757 332 1799 ac
353 1733 571 1820 proconsules,
593 1733 740 1796 consules
761 1738 791 1797 et
817 1733 969 1817 opidanos
999 1733 1176 1818 superbiis
1198 1753 1324 1798 movere
1343 1735 1539 1814 intendebat,
1563 1734 1601 1797 ad

295 1835 478 1898 instantiam
512 1834 612 1916 ipsius
637 1832 862 1915 archiepiscopi
890 1831 1060 1896 venerabili
1087 1833 1175 1896 tratri
1205 1839 1313 1896 nostro
1340 1831 1432 1897 Petro
1458 1833 1604 1916 episcopo

295 1933 463 1996 Portuensi
491 1930 680 1995 audiendam
712 1931 931 1994 commisimus
964 1935 995 1994 et
1029 1929 1093 1994 fine
1125 1929 1229 1994 debito
1259 1932 1509 2009 terminandam,
1539 1950 1605 1993 non

298 2029 454 2112 obstante,
476 2029 561 2112 quod
581 2047 677 2092 causa
698 2029 766 2110 ipsa
785 2027 824 2090 de
842 2028 892 2092 sui
918 2039 1032 2092 natura
1052 2027 1091 2091 ad
1112 2026 1288 2092 Romanam
1312 2031 1433 2093 curiam
1456 2028 1605 2092 devoluta

296 2136 327 2191 ot
347 2130 380 2191 in
406 2147 443 2191 ea
462 2126 627 2190 tractanda
646 2132 678 2188 et
697 2124 837 2189 finienda
857 2146 921 2190 non
944 2133 1040 2206 esset3
1062 2125 1212 2210 idemque
1232 2128 1398 2212 episeopus
1419 2125 1606 2190 Porhrensis

296 2227 468 2290 nonnullos
490 2226 568 2289 alios
589 2243 755 2308 processus
771 2230 881 2288 contra
902 2226 1001 2289 dictos
1012 2225 1222 2308 proconsules,
1242 2225 1391 2290 consules
1405 2234 1435 2289 et
1453 2225 1607 2308 opidanos

297 2345 333 2387 ac
354 2323 485 2409 opidum
513 2323 689 2410 predictum
713 2322 869 2403 diversas,
893 2330 929 2386 ut
949 2323 1077 2403 dicitur,
1098 2324 1451 2404 excommunicationis
1472 2342 1606 2406 suspen·

300 2425 399 2487 sionis
438 2429 470 2486 et
504 2421 659 2486 interdicti
692 2423 864 2485 sententias
896 2422 1094 2486 continentes
1123 2421 1214 2501 fecit,
1256 2442 1274 2486 a
1315 2421 1433 2505 quibus
1477 2421 1607 2505 quidem

297 2521 496 2606 processibus
518 2540 573 2605 pro
594 2525 682 2604 parte
703 2520 859 2584 dictorum
883 2519 1123 2603 proconsulum,
1152 2519 1321 2584 consulum
1345 2526 1377 2584 et
1397 2519 1481 2603 opidi
1501 2518 1608 2582 extitit

297 2621 336 2684 ad
356 2620 462 2684 sedam
474 2619 675 2704 apostolicam
691 2618 890 2702 appellatum.
916 2617 995 2681 Cum
1007 2623 1122 2696 autom,
1142 2617 1343 2682 sicuteadem
1354 2617 1461 2701 petitio
1473 2616 1607 2680 subiun-

297 2717 400 2802 gebat,
417 2718 548 2802 predicti
557 2716 774 2802 proconsules,
796 2715 942 2780 consules
963 2721 994 2780 et
1015 2715 1142 2798 opidani
1163 2717 1300 2799 recipere
1316 2717 1472 2800 prelatum
1487 2715 1609 2779 archie-

297 2819 463 2900 piscopum
484 2817 675 2894 recusarint,
696 2833 760 2878 non
784 2814 913 2898 quidem
935 2815 967 2877 in
990 2821 1206 2897 contemptum
1223 2813 1609 2898 nostrumrelapostolicc

298 2914 397 2992 sedis,
426 2915 479 2978 sed
510 2920 638 2998 propter
658 2912 842 2976 huiusmodi
873 2912 1019 2976 timorem
1052 2917 1082 2975 et
1109 2913 1325 2978 iuramentum
1353 2913 1545 2997 predictum,
1574 2913 1608 2974 iu

299 3032 363 3096 quo
375 3013 502 3092 quidem
515 3013 692 3076 iuramento
703 3010 892 3089 continetur,
914 3010 1007 3093 quod,
1031 3011 1217 3094 quicunque
1231 3013 1386 3076 dictorum
1398 3009 1608 3094 opidanorum

298 3117 408 3175 contra
428 3111 611 3175 huiusmodi
644 3113 860 3175 iuramentum
882 3108 1018 3188 veniret,
1052 3110 1199 3192 periurus
1231 3116 1261 3174 et
1298 3109 1425 3174 infamis
1458 3113 1609 3192 perpetuo

297 3211 436 3294 reputari
457 3209 599 3291 deberet,
627 3212 722 3274 etiam
757 3212 783 3273 si
810 3211 896 3294 ipsos
919 3209 1070 3294 opidanos
1092 3209 1131 3274 ab
1152 3208 1336 3274 huiusmodi
1357 3208 1536 3270 iuramento
1558 3204 1610 3268 ab·

298 3308 378 3372 solvi
405 3310 616 3391 contingeret,
645 3308 785 3391 dictique
814 3308 1035 3392 proconsules,
1061 3309 1212 3374 consules
1250 3313 1280 3371 et
1313 3305 1458 3388 opidani,
1486 3305 1541 3386 qui
1574 3307 1611 3367 ut

298 3407 472 3490 plurimum
493 3413 682 3472 mercatores
703 3408 854 3487 existunt,
876 3409 902 3470 si
925 3413 1035 3470 contra
1057 3406 1240 3471 huiusmodi
1260 3423 1371 3468 eorum
1392 3405 1608 3466 iuramentum

299 3505 454 3586 facerent,
473 3506 634 3583 timerent,
659 3524 694 3568 se
715 3505 827 3569 saltem
848 3505 887 3569 de
907 3505 988 3569 facto
1010 3505 1154 3588 periuros
1175 3511 1206 3569 ot
1227 3503 1362 3566 infames
1387 3501 1544 3583 reputari,
1575 3519 1611 3562 ao

298 3605 376 3687 ipsis
396 3604 511 3668 exinde
536 3624 651 3687 magna
667 3609 698 3667 et
719 3603 844 3668 diversa
862 3603 1011 3668 scandala
1032 3602 1186 3683 suboriri,
1203 3601 1329 3686 ipsique
1349 3599 1448 3683 parati
1473 3599 1611 3662 existant

299 3703 416 3765 nostris
437 3707 468 3766 et
488 3701 656 3786 apostolice
677 3701 760 3765 sedis
781 3701 940 3766 mandatis
952 3700 1121 3766 etfioaciter
1142 3699 1283 3779 obedire,
1303 3717 1359 3782 pro
1371 3697 1610 3780 partcipeorunr

298 3800 541 3882 proconsulum,
561 3799 731 3864 consulum
751 3805 783 3863 et
803 3800 1013 3883 opidanorum
1034 3800 1096 3863 fuit
1110 3798 1202 3862 nobis
1214 3796 1377 3862 humiliter
1389 3795 1611 3885 supplicatum,

301 3903 336 3961 ut
358 3898 435 3982 ipsis
456 3903 487 3962 et
508 3917 619 3962 eorum
647 3899 828 3962 animarum
856 3899 953 3962 saluti
981 3917 1018 3962 ac
1049 3897 1144 3961 statui
1171 3897 1210 3960 de
1231 3899 1386 3979 oportuno
1415 3893 1554 3957 remedio
1575 3894 1608 3955 in

299 3998 462 4080 premissis
489 3997 654 4080 providere
681 3996 719 4060 de
746 3996 941 4080 benignitate
967 3995 1137 4080 apostolica
1162 3995 1376 4077 dignaremur.
1419 3990 1485 4054 Nos
1504 3991 1612 4074 igitur,

301 4096 357 4177 qui
379 4114 480 4179 nuper
498 4115 539 4158 er
565 4097 659 4160 certis
680 4093 922 4159 rationabilibus
943 4096 1050 4159 causis
1080 4093 1119 4156 ad
1150 4092 1183 4155 id
1212 4097 1357 4156 nostrum
1385 4088 1612 4154 inducentibus

299 4195 444 4257 animum
466 4213 522 4278 pro
544 4193 627 4257 bono
647 4196 734 4278 pacis
755 4200 788 4258 et
807 4193 974 4258 concordie
996 4191 1152 4276 prefatum
1164 4191 1295 4275 opidum
1309 4196 1339 4254 et
1353 4190 1423 4252 eius
1435 4187 1613 4251 districtum

300 4311 337 4354 ac
364 4293 471 4356 omnia
500 4293 572 4356 iura
596 4299 628 4356 et
654 4284 889 4357 iurisdictiones
919 4293 1042 4375 inipso
1073 4290 1165 4375 opido
1193 4307 1230 4352 ao
1258 4289 1328 4353 eius
1355 4286 1555 4369 pertinentiis
1585 4291 1617 4348 et

301 4381 445 4454 districtu
465 4391 697 4475 archiepiscopo
720 4389 908 4471 Maguutino
930 4408 986 4472 pro
1000 4394 1140 4471 tempore
1159 4388 1308 4450 existenti
1320 4383 1424 4449 debita
1441 4383 1481 4446 ad
1500 4401 1618 4446 manus

302 4496 426 4552 nostras
461 4496 491 4553 et
517 4489 687 4572 apostolice
716 4488 800 4552 sedis
828 4506 868 4552 ex
904 4493 989 4550 certa
1022 4486 1155 4551 scientia
1188 4485 1227 4549 de
1258 4483 1426 4568 apostolice
1452 4481 1616 4565 potestatis

302 4587 499 4669 plenitudine
520 4588 699 4669 recepimus
721 4605 758 4649 ac
782 4587 947 4669 posuimus
969 4589 1000 4648 et
1020 4584 1151 4669 opidum
1173 4603 1211 4646 ac
1231 4584 1301 4647 iura
1322 4589 1353 4645 et
1378 4579 1616 4644 iurisdictiones
