3525 5209
260 394 295 448 68
621 390 895 462 Geschiehtsqucllen
914 388 964 444 der
981 388 1061 449 Pror.
1075 390 1206 445 Sachaen.

261 542 403 629 partibus
427 542 599 625 Thuringie
626 542 708 606 inira
733 543 900 623 dyocesem
925 540 1144 623 Maguntinam
1176 541 1357 620 residentes,
1387 546 1564 624 presentem

261 661 451 726 processum,
473 641 524 703 cui
545 658 675 724 presens
695 646 837 705 nostrum
859 640 1011 723 scriptum
1034 638 1234 716 transfixum,
1254 658 1326 701 cum
1349 639 1567 722 solempnitate

260 739 365 803 debita
391 738 567 802 secundum
593 757 719 801 onmem
750 738 879 801 modum
906 744 938 801 et
964 738 1113 817 formam,
1148 744 1241 819 prout
1267 736 1358 800 nobis
1384 738 1564 800 iniunctum

261 838 387 917 exstitit,
408 856 464 921 per
481 842 665 899 executores
688 837 719 898 in
742 835 850 898 eodem
873 853 1022 918 processu
1048 854 1214 917 expressos
1235 834 1359 918 publice
1379 835 1515 916 legimus
1535 839 1567 896 et

262 936 382 997 notorie
393 934 633 1016 publicavimus,
649 935 681 995 in
698 934 813 997 nostris
832 952 960 1016 quoque
980 934 1188 1003 monasteriis,
1208 933 1349 996 ecclesiis
1369 940 1400 996 et
1419 932 1567 1015 cappellis

262 1052 375 1095 sunms
397 1032 535 1113 legitime
556 1032 695 1111 executi,
723 1036 754 1094 et
780 1032 837 1092 boc
860 1036 963 1093 vestre
989 1030 1146 1093 sanctitati
1172 1050 1208 1092 ac
1236 1030 1401 1108 omnibns,
1428 1048 1565 1113 quorum

263 1132 405 1204 interest,
437 1130 496 1191 snb
529 1130 640 1211 sigillis
671 1128 835 1191 reverendi
868 1129 901 1190 in
933 1128 1056 1191 Christo
1089 1130 1186 1211 patris
1212 1148 1249 1191 ac
1279 1128 1413 1205 domini,
1445 1128 1565 1190 domini

261 1228 414 1306 Heinrici,
435 1228 565 1290 ecclesie
585 1226 773 1289 lavacensis
795 1228 946 1309 episcopi,
972 1228 1200 1309 propositorum
1228 1228 1451 1289 canonicorum
1474 1244 1565 1307 regu-

262 1326 375 1389 larium
398 1327 430 1388 in
457 1324 654 1407 llytirsburg,
674 1324 794 1387 ordinis
826 1326 926 1386 sancti
953 1326 1130 1407 Augustini,
1157 1331 1189 1386 et
1215 1322 1503 1386 sanctimonialium
1533 1324 1565 1385 in
1614 1385 1616 1388 .

262 1423 413 1502 Hirsrlort,
427 1423 547 1485 ordinis
558 1424 657 1485 sancti
669 1422 841 1501 Benedicti,
852 1442 889 1483 ac
899 1470 906 1483 .
917 1470 924 1482 .
935 1422 1044 1484 decani
1057 1420 1276 1483 Biberaeensis
1287 1421 1489 1484 ecclesiarum
1502 1420 1566 1483 Ma·

261 1523 394 1604 guntine
405 1521 538 1585 diocesis
554 1522 701 1603 cupimus
711 1520 778 1583 tore
791 1529 912 1583 notum.
935 1517 1050 1582 Datum
1063 1538 1147 1581 anno
1159 1518 1286 1582 Domini
1300 1516 1568 1595 M⁰OOO³XXX⁰,

264 1620 337 1683 Vll⁰
361 1618 431 1681 Kal.
452 1618 624 1683 Februarii.

265 1820 378 1903 1330.
405 1820 600 1901 Februar
624 1818 687 1901 25.
715 1816 946 1900 Mtincbeu.
1500 1822 1566 1904 85.

364 1956 512 2035 hadwip,
537 1954 703 2019 annectar
727 1952 865 2031 Kaleon,
895 1955 1036 2034 nemrim
1063 1956 1119 2029 der
1145 1954 1237 2019 aaut
1265 1955 1384 2036 Erturt
1414 1954 1476 2018 alic
1501 1956 1584 2019 ihre·

364 2052 476 2117 Rama
495 2054 564 2117 aad
586 2052 781 2133 Ra'eilepien.

416 2170 461 2225 Or.
481 2170 531 2224 uait
548 2170 576 2229 S.
593 2171 632 2225 im
649 2168 760 2239 aaran
773 2172 807 2228 A,
825 2186 861 2224 aa
880 2170 922 2224 M.

345 2294 542 2374 LudowicuS,
575 2292 632 2357 Dei
663 2294 763 2375 gratia
793 2292 1009 2357 Romanorum
1046 2293 1215 2376 impemtor
1249 2310 1373 2376 semper
1402 2299 1568 2376 augustus,

267 2395 424 2457 universis
447 2394 527 2455 sacri
548 2390 681 2455 Romani
711 2391 832 2475 imperii
864 2390 1011 2454 fidelibus
1037 2398 1198 2473 presentes
1234 2391 1338 2456 literas
1369 2392 1568 2455 intuentibus

265 2493 398 2575 gratiam
420 2510 509 2553 suam
532 2496 562 2552 et
583 2508 677 2553 omne
698 2488 828 2553 bouum.
861 2488 974 2553 Virtus
987 2491 1086 2552 nostri
1103 2489 1279 2571 augustalis
1292 2489 1442 2553 culminis
1461 2492 1566 2573 girum

266 2591 338 2653 aule
377 2608 435 2652 sue
466 2587 654 2671 specialibus
692 2588 887 2649 ornamentis
924 2594 955 2648 et
985 2586 1151 2650 decoribus
1183 2586 1320 2670 amplius
1350 2588 1509 2651 illuminat
1538 2597 1569 2653 et

267 2688 416 2751 thronum
438 2686 508 2749 solii
531 2686 582 2749 sui
602 2685 697 2748 altius
717 2683 831 2763 elevat,
859 2704 934 2747 cum
963 2685 1172 2767 peticionibus
1201 2706 1332 2748 suorum
1364 2684 1505 2749 fidelium
1532 2707 1568 2749 ac

267 2786 451 2848 devotorum
475 2802 509 2847 se
530 2802 585 2867 per
603 2781 821 2844 exaudiclonis
843 2781 1107 2845 oblectamentum
1126 2791 1157 2845 et
1178 2784 1418 2866 propiciacionis
1434 2785 1567 2864 gratiam

267 2884 355 2946 offert
376 2884 466 2944 iuxta
492 2900 603 2942 eornm
623 2886 696 2942 vota
718 2878 902 2941 benevolam
929 2887 960 2941 et
985 2888 1133 2961 paratam.
1183 2880 1298 2944 Nostre
1322 2882 1421 2964 igitur
1447 2884 1570 2965 magni-

268 2980 393 3044 ficentie
414 2979 585 3063 prudentes
616 2978 723 3041 viri..
744 2975 893 3039 consules
919 2982 950 3039 et
977 2978 1116 3041 universi
1144 2980 1229 3043 cives
1249 2980 1385 3042 civitatis
1404 2978 1570 3043 Erdt'ordie

267 3100 341 3143 cum
363 3078 464 3141 multa
485 3077 640 3139 instancia
660 3081 691 3138 et
711 3082 839 3159 rogatus
860 3076 1026 3138 conamine
1048 3076 1208 3140 humiliter
1228 3077 1462 3161 supplicarunt,
1492 3098 1569 3160 qua·

268 3179 355 3241 tinus
376 3178 453 3259 ipsis
474 3194 509 3237 uc
531 3174 650 3235 civitati
671 3192 780 3235 eorum
802 3174 911 3235 omnia
930 3181 961 3235 et
981 3174 1107 3256 singula
1127 3174 1308 3258 privilegia,
1337 3176 1420 3249 iura,
1444 3178 1570 3257 gratias,

268 3275 496 3349 concessiones,
517 3272 675 3334 libertates
696 3275 727 3333 ct
748 3272 1007 3348 consuetudines,
1038 3271 1114 3354 ipsis
1141 3294 1160 3334 a
1181 3272 1308 3335 domino
1329 3281 1360 3334 et
1382 3294 1441 3335 avo
1462 3279 1569 3336 nostro

268 3370 403 3433 Rudoltb
415 3368 632 3433 Romanorum
648 3388 720 3449 rege
737 3368 809 3430 dire
828 3372 979 3432 memorie
999 3378 1029 3433 ct
1052 3370 1169 3450 inelyte
1189 3372 1414 3435 reeordationis
1436 3374 1569 3454 impera-

269 3468 391 3531 toribus
427 3473 458 3530 ct
490 3466 617 3547 regibus
650 3464 878 3545 Romanorum,
919 3467 1097 3530 illustribus
1133 3467 1408 3550 predecessoribus
1445 3471 1569 3549 nostris,

269 3564 463 3648 temporibus
493 3566 652 3626 retroactis
682 3565 852 3644 gratiosius
872 3564 995 3627 indulta
1027 3576 1057 3628 et
1087 3584 1250 3641 concessa,
1285 3586 1342 3629 seu
1369 3568 1508 3631 indultas
1539 3574 1570 3629 et

268 3682 445 3741 concessae,
478 3663 515 3724 de
544 3661 633 3725 solita
656 3668 761 3723 nostra
782 3662 956 3725 clemencia
985 3663 1189 3745 dignaremur
1215 3664 1387 3748 appmbare
1413 3666 1569 3728 ucetiam

269 3762 505 3824 benivolencius
541 3758 736 3821 confirmare.
792 3759 857 3823 Nos
892 3780 965 3823 vero
995 3762 1242 3840 considerantes,
1277 3763 1361 3845 quod
1395 3762 1569 3825 infallibilis

267 3858 345 3921 fides
361 3865 392 3921 et
408 3858 536 3920 devocio
555 3862 711 3935 constans,
727 3856 951 3939 obsequiorum
968 3860 1182 3941 promptitudo
1197 3867 1228 3923 et
1238 3860 1431 3935 obediencia,
1451 3861 1570 3943 quibus

267 3977 341 4039 erga
360 3976 419 4019 nos
440 3964 471 4019 et
491 3974 617 4019 sacrum
631 3954 809 4018 Muranum
831 3956 999 4038 imperium
1021 3976 1145 4040 semper
1161 3958 1361 4021 laudabiliter
1377 3959 1570 4038 claruerunt,

269 4053 449 4118 huiusmodi
486 4054 671 4135 peticionem
708 4054 845 4116 reddunt
882 4055 1115 4118 racionabiliter
1153 4056 1379 4119 admittendam
1417 4064 1568 4139 anquam

267 4155 409 4217 meritam
434 4157 465 4215 et
485 4152 682 4233 condignam,
704 4152 780 4233 ipsis
803 4151 949 4234 predictis
962 4152 1087 4215 civibus
1102 4160 1133 4216 et
1149 4155 1267 4217 civitati
1283 4174 1393 4217 eornm
1408 4154 1570 4216 llrdlordie

266 4254 373 4314 omnia
393 4259 424 4313 et
443 4250 569 4333 singula
590 4268 699 4311 eorum
722 4250 893 4331 privilegia,
915 4251 993 4327 iura,
1012 4253 1137 4333 gratias,
1156 4254 1388 4333 concessiones,
1412 4253 1570 4314 libertates

265 4356 296 4411 et
317 4350 562 4411 consuetudines
577 4366 793 4429 quascunque,
814 4354 909 4429 prout
928 4349 1005 4431 ipsis
1025 4369 1044 4411 a
1064 4350 1183 4435 prelato
1203 4350 1332 4412 domino
1346 4359 1377 4411 et
1392 4370 1451 4411 avo
1463 4355 1570 4413 nostro

231 4518 234 4525 ,
265 4446 399 4509 liudolfo
412 4444 626 4508 Rouranurum
641 4464 712 4525 rege
721 4450 751 4505 et
762 4444 832 4507 aliis
848 4446 1090 4527 imperatoribus
1100 4454 1132 4510 et
1146 4447 1282 4528 regibus,
1296 4447 1569 4530 predecessoribus

265 4547 381 4608 uostris
394 4546 529 4625 inclytis,
552 4546 609 4608 rite
621 4551 651 4606 et
662 4543 1014 4608 rationabilitertradita
1024 4553 1141 4609 suntet
1151 4566 1310 4625 concessa,
1331 4564 1388 4608 seu
1412 4546 1524 4609 tradite
1538 4551 1571 4607 et
