3525 5209
518 417 746 474 Urlrundcnbncb
766 419 815 474 der
833 419 914 473 Stadt
932 417 1036 474 llrsnrt.
1073 415 1209 478 ILThetl.
1467 419 1514 476 581

217 571 380 635 insinuare
410 577 465 634 aut
491 569 665 655 publicare,
696 578 726 634 et
763 571 802 634 ad
833 569 1014 636 huiusmodi
1045 571 1258 654 provisionem
1287 570 1519 656 impediendam

217 687 326 731 eornm
349 668 485 732 famulos
508 674 539 732 et
560 669 733 732 servientes
753 669 792 732 ad
815 669 874 733 hoc
895 669 1086 752 deputarunt
1106 688 1224 752 eosque
1243 669 1277 732 in
1294 670 1377 733 dieta
1391 669 1521 734 ecelesia

216 767 411 831 collocarunt
431 767 470 831 ad
492 766 747 851 perlustrandum
771 774 802 830 et
825 767 1064 846 sciscitandum,
1090 787 1131 830 an
1162 767 1276 851 aliquis
1305 768 1411 832 literas
1440 768 1521 832 dicte

216 866 386 949 apostolice
413 867 602 950 provisionis
630 864 789 948 publicare
819 868 865 929 vel
887 866 1050 929 insinuare
1074 866 1287 950 intemptaret,
1315 887 1410 948 quem
1437 866 1520 930 iflico

218 967 286 1049 capi
307 971 338 1029 et
357 983 432 1032 cum
442 965 519 1048 ipsis
537 964 681 1048 opidanis
693 983 766 1028 curn
782 964 882 1028 literis
897 965 1067 1046 presentari
1080 965 1277 1029 mandarunt
1319 965 1380 1042 Qui
1393 965 1521 1049 quidem

217 1064 391 1128 eorundem
419 1063 626 1148 opidanorum
652 1063 763 1127 tamuli
790 1069 821 1126 et
842 1064 1013 1126 servientes
1042 1060 1075 1126 in
1104 1064 1201 1127 armis
1229 1063 1353 1128 infinita
1383 1064 1465 1130 tedia
1490 1067 1521 1128 et

216 1163 352 1226 nefanda
378 1164 411 1226 in
437 1162 514 1246 ipsis
542 1161 683 1226 ecelesiis
709 1167 816 1224 sancte
842 1160 941 1225 Maria
968 1167 998 1225 et
1024 1162 1124 1224 sancti
1145 1160 1252 1227 Severi
1282 1164 1522 1242 committentes,

218 1261 300 1324 inter
319 1266 421 1325 cetera
442 1261 532 1344 ignes
552 1259 597 1322 ibi
617 1259 799 1338 incendere,
821 1280 886 1323 nna
907 1279 981 1324 cnm
1003 1259 1186 1324 hominibus
1208 1262 1315 1325 minus
1337 1262 1418 1326 bone
1439 1261 1521 1326 farne

217 1357 396 1438 comedere,
424 1357 533 1422 bibere
560 1363 590 1422 et
612 1359 718 1441 inepte
746 1357 888 1421 solaciari
918 1377 980 1421 uon
1013 1357 1238 1440 formidabant,
1272 1359 1375 1424 officia
1412 1359 1521 1424 divina

216 1458 346 1520 omnino
379 1455 591 1540 perturbando
623 1460 654 1520 et
678 1455 756 1519 alias
775 1457 808 1518 in
835 1461 958 1520 tantum
988 1455 1106 1520 clerum
1135 1457 1290 1522 dictarum
1318 1458 1522 1523 ecclesiarum

216 1554 440 1638 perturbarunt
470 1556 569 1618 eciam
596 1574 652 1638 per
682 1554 841 1617 horrorem
871 1561 901 1618 et
928 1555 1141 1619 incussionem
1171 1557 1307 1635 timoriS,
1338 1557 1422 1641 qnod
1458 1576 1522 1640 qno

216 1653 372 1717 declinare
393 1658 520 1736 possent
541 1653 600 1716 iter
621 1651 747 1716 salubre
759 1654 888 1737 penitus
900 1655 1089 1736 ignorarent.
1134 1653 1172 1718 Et
1191 1655 1423 1728 nichilominus,
1445 1655 1520 1719 dnm

221 1751 330 1834 prelati
365 1751 446 1815 dicte
479 1757 586 1814 sancte
612 1749 710 1814 Marie
739 1751 885 1830 ecclesie,
919 1751 1063 1816 videlicet
1095 1751 1249 1832 decanus,
1274 1753 1457 1817 scolasticus
1490 1758 1521 1819 et

219 1860 337 1928 cantor,
358 1870 413 1934 pro
427 1848 651 1913 executoribus
660 1851 834 1931 gratiarnm
846 1850 1090 1934 apostolicarum
1104 1849 1255 1932 deputati,
1277 1853 1393 1934 gratias
1407 1853 1518 1916 huius·

220 1947 305 2011 modi
324 1947 362 2011 ad
389 1948 629 2030 requisitionem
655 1948 893 2030 impetrantium
919 1955 1130 2032 exequentes,
1156 1947 1230 2011 dicti
1259 1949 1432 2013 eorundem
1458 1952 1523 2035 opi-

217 2047 372 2110 danorum
393 2046 504 2110 famuli
527 2053 558 2109 et
571 2046 744 2110 servientes
762 2047 868 2110 literas
880 2048 965 2130 ipsas
977 2046 1163 2130 apostolicas
1174 2047 1523 2132 demanibnsipsornm

221 2152 426 2209 executurum
449 2145 540 2207 iuxta
570 2144 755 2207 mandatnm
788 2145 981 2208 eis'factum
1017 2145 1169 2210 violenter
1195 2144 1278 2208 iutra
1305 2145 1467 2210 ecclesiam
1494 2153 1525 2211 et

220 2245 301 2306 intra
331 2242 440 2306 divina
474 2242 674 2306 abstulerunt
707 2248 737 2306 et
766 2242 892 2306 easdem
925 2241 1030 2307 literas
1061 2251 1091 2306 et
1126 2245 1319 2327 inpetrautes
1354 2246 1525 2328 captivatos

218 2341 335 2405 eisdem
373 2340 516 2424 opidanis
553 2345 790 2424 presentarunt,
827 2340 987 2424 iidemque
1027 2340 1138 2405 famuli
1179 2347 1210 2404 et
1250 2343 1422 2406 servientes
1456 2342 1525 2407 loca

218 2440 403 2524 capitularia
431 2439 587 2502 dictarum
615 2438 818 2503 ecclesiarum
846 2444 1047 2503 accesserunt
1072 2459 1110 2502 ao
1138 2439 1274 2502 decanos
1300 2445 1331 2502 et
1356 2441 1525 2505 canonicos

216 2539 357 2622 ipsarum
390 2537 594 2602 ecclesiarum
629 2537 866 2621 inpedivernnt,
900 2556 940 2600 ne
977 2537 1100 2621 aliquos
1131 2542 1221 2601 aetus
1251 2537 1438 2621 capitulares
1469 2558 1524 2622 pro

218 2640 295 2722 ipsis
314 2642 346 2701 et
360 2635 453 2700 dictis
468 2636 720 2700 ecelesiisfacere
731 2641 866 2719 possent.
911 2634 959 2714 Et,
981 2640 1067 2718 pater
1079 2635 1268 2713 beatissime,
1290 2634 1373 2719 qnod
1386 2636 1524 2702 deterius
1621 2705 1624 2712 ,

217 2744 280 2813 est,
302 2735 380 2800 dnm
403 2735 492 2798 litere
514 2734 683 2818 apostolice
707 2733 897 2816 provisionis
926 2733 1008 2796 dicto
1038 2731 1166 2795 domino
1187 2729 1356 2794 Ludowioo
1383 2732 1526 2798 dedicta

218 2835 349 2899 ecclesia
371 2831 556 2916 Mogontina
585 2832 665 2895 facte
687 2833 718 2894 in
742 2831 819 2895 loeis
842 2831 956 2894 vicinis
977 2829 1229 2914 publicarentur,
1258 2829 1369 2913 prefati
1396 2830 1523 2914 opidani

219 2934 257 2996 nd
280 2934 380 3016 ipsam
403 2931 613 3015 provisionem
636 2928 870 3013 impediendam
886 2927 1045 3011 quandam
1061 2926 1300 3012 appellationem
1316 2926 1526 2992 sefinxerunt

217 3031 257 3094 ab
277 3030 386 3095 eadem
406 3027 586 3112 provisione
607 3027 844 3111 interposuisse,
864 3032 903 3105 et,
923 3031 1079 3108 quantum
1100 3026 1134 3087 in
1156 3026 1201 3089 eis
1221 3025 1289 3104 fnit,
1310 3024 1430 3089 elerum
1452 3025 1526 3089 dicti

217 3129 301 3212 opidi
323 3127 448 3192 blandis
469 3125 670 3191 sermonibus
691 3131 722 3189 et
743 3122 1222 3208 promissionibusinduxerunt,
1244 3130 1277 3187 ut
1295 3122 1376 3187 dicte
1393 3122 1526 3188 conficte

217 3227 418 3312 appellationi
446 3225 639 3289 adhererent.
682 3223 722 3286 Et
749 3221 976 3286 nichilominus
1005 3240 1091 3285 more
1118 3222 1282 3302 tyrannico
1309 3227 1525 3306 preceperunt,

220 3333 253 3390 nt
292 3324 476 3389 huiusmodi
504 3322 705 3407 appellationi
736 3320 885 3384 adherere
915 3327 945 3383 et
976 3320 1084 3383 diviua
1117 3318 1219 3383 officia
1241 3320 1274 3382 in
1306 3319 1388 3383 dicto
1421 3320 1524 3404 opida,

218 3423 427 3488 ecclesiastico
448 3422 610 3505 supposito
632 3417 810 3498 interdictu,
838 3417 996 3482 celebrare
1024 3423 1207 3481 recusantes
1229 3415 1387 3498 beneficia¹
1406 3416 1525 3498 domos,

216 3522 355 3606 hospicia
370 3527 402 3584 et
417 3519 755 3597 habitationeseorum,
777 3535 857 3599 quas
875 3522 906 3578 et
929 3534 991 3599 que
1011 3516 1045 3578 in
1068 3515 1149 3579 dieto
1171 3516 1263 3599 opido
1286 3515 1520 3598 quomodolibet

218 3619 389 3699 habebant,
426 3619 618 3681 dimitterent
649 3617 775 3699 penitus
804 3619 834 3678 et
861 3613 901 3677 ab
921 3613 996 3677 inde
1016 3614 1205 3678 recederent.
1248 3612 1406 3697 Cumque,
1436 3619 1517 3698 pater

220 3724 341 3797 sancte,
370 3716 496 3793 decani,
527 3716 670 3779 canonici
704 3719 736 3778 et
769 3712 906 3796 capitula
939 3711 1093 3776 dictarum
1129 3711 1332 3776 ecclesiarum
1372 3712 1518 3777 mandato

218 3815 387 3900 apostolico
413 3820 444 3878 et
468 3815 550 3878 dicto
578 3813 705 3878 domiuo
732 3811 901 3876 Lndowico
928 3811 1090 3875 obedirent
1120 3815 1151 3874 et
1175 3811 1260 3894 ipsos
1286 3815 1411 3894 propter
1436 3828 1511 3874 recu

218 3917 371 3979 sationem
392 3913 572 3977 adhesiouis
594 3911 711 3995 prefate
731 3909 803 3973 ficte
825 3916 856 3974 et
880 3929 1049 3993 nunquam
1075 3907 1214 3973 exhibite
1244 3907 1461 3991 appellationis
1488 3927 1521 3972 ac

220 4019 339 4077 metum
366 4013 505 4095 corporis
534 4017 564 4075 et
591 4029 697 4074 rernm
725 4027 856 4072 suarum
884 4008 1003 4072 dictum
1026 4005 1156 4091 opidum
1178 4011 1208 4070 et
1234 4023 1344 4070 eorum
1373 4004 1523 4071 beneficia

219 4118 250 4175 et
270 4111 410 4194 hospicia
431 4114 461 4173 et
482 4110 696 4193 possessiones
718 4107 874 4170 dimittere
895 4110 1064 4190 oporteret,
1084 4111 1178 4189 prout
1197 4104 1236 4169 ob
1253 4104 1311 4168 hoc
1330 4103 1525 4193 dimiserunt,

220 4209 331 4294 prefati
360 4208 486 4291 opidani
519 4225 666 4290 maguam
697 4205 863 4268 bominum
892 4223 1053 4267 armorum
1082 4201 1317 4270 multitudinem
1340 4208 1371 4266 et
1390 4203 1525 4286 prescise

217 4306 425 4371 reverendum
460 4311 579 4390 patrem
612 4303 777 4368 dominum
806 4300 957 4365 Adolfnm
989 4303 1169 4385 episcopum
1207 4300 1401 4384 spirensem,
1433 4319 1525 4364 occu·

217 4412 356 4490 patorem
382 4410 413 4468 et
442 4405 634 4468 detentorem
662 4401 791 4466 ecclesie
813 4399 999 4483 Magantine
1020 4406 1051 4463 et
1077 4398 1232 4462 bonorum
1256 4399 1371 4483 ipsius,
1400 4417 1523 4462 necnon

217 4503 392 4567 Henricnm
414 4502 531 4582 Beyer,
556 4501 631 4564 olim
658 4499 813 4564 decanum
841 4496 1072 4580 Magantinnm,
1097 4515 1302 4560 cumeorum
1325 4497 1357 4564 in
1379 4515 1416 4560 ea
1437 4503 1524 4578 parte

217 4599 425 4685 eomplicibus
448 4598 489 4663 ad
510 4599 630 4662 dictum
652 4596 780 4681 opidum
804 4595 1195 4660 convocarnuteteosdem
1208 4595 1352 4658 homines
1363 4613 1525 4660 armornm
