3525 5209
305 380 340 432 80
666 375 941 447 Genchicbtsqnellen
959 374 1009 431 der
1026 374 1108 433 Prov.
1128 376 1259 430 Seebnen.

305 530 417 603 curiis,
440 528 508 590 sitis
529 528 560 589 in
586 526 661 589 ville
678 526 804 591 ibidem.
836 526 915 590 Item
934 527 1078 591 Albeidis
1099 528 1183 590 dicta
1197 526 1325 608 Illugen
1346 525 1400 589 dat
1412 544 1470 589 sex
1484 525 1615 600 maldra,

306 626 529 689 dimidietatem
556 624 706 687 1111116111
728 631 759 688 11
778 625 1005 688 dimidietatem
1023 625 1109 688 ordei
1134 626 1272 709 predicte
1292 642 1450 703 mensure,
1470 623 1616 686 similiter

306 725 344 787 de
367 742 431 785 uno
452 742 563 785 manso
584 742 657 785 cnm
681 722 811 785 dimidio
833 729 865 785 et
886 721 1011 785 duabus
1031 724 1130 786 curiis
1150 724 1219 785 sitis
1240 722 1367 787 ibidem.
1415 721 1496 785 Item
1515 720 1615 783 Theo·

306 822 431 885 delicus
453 820 555 883 dIctus
575 819 680 903 Kluge
700 820 753 883 dat
773 821 836 883 duo
858 821 987 898 maldra,
1002 821 1146 883 1111111161
1166 819 1392 883 dimidietatem
1410 820 1563 882 frumenti
1583 824 1616 881 et

306 918 530 982 dimidietatem
563 917 648 980 ordei
679 918 815 1000 predicte
836 938 1003 992 mensure,
1036 918 1075 981 de
1103 938 1169 981 uno
1195 918 1326 982 dimidio
1353 936 1464 979 manso
1492 922 1524 980 et
1550 936 1614 980 una

306 1018 401 1079 curie.
443 1016 522 1078 Item
542 1014 706 1079 Comedus
733 1015 836 1079 dictus
857 1015 1042 1079 Starroboclt
1068 1016 1121 1079 dat
1147 1022 1178 1079 et
1204 1016 1300 1079 solvit
1324 1034 1427 1078 unum
1455 1015 1614 1078 maldrum

306 1136 378 1179 cum
402 1114 531 1177 dimidio
552 1113 689 1196 predicte
711 1107 857 1178 mensure
878 1113 1027 1177 frumenti
1046 1120 1077 1177 et
1092 1114 1179 1177 ordei
1196 1114 1340 1177 similiter
1355 1114 1396 1176 de
1408 1112 1615 1176 uuodimidio

308 1232 417 1277 manso
451 1218 482 1273 et
513 1231 576 1275 una
607 1211 696 1274 curia
723 1212 791 1274 sitis
815 1211 942 1274 ibidem.
984 1210 1064 1275 Item
1093 1212 1245 1275 Nicolnus
1270 1210 1375 1274 dietus
1394 1209 1614 1290 Wintersteyn

307 1312 401 1375 solvit
431 1322 462 1372 ct
493 1309 547 1371 dat
567 1309 630 1371 duo
660 1309 790 1387 maldra,
820 1329 922 1372 unum
950 1310 1102 1373 frumenti
1131 1314 1163 1372 et
1190 1309 1349 1393 reliquum
1371 1309 1458 1371 ordei
1478 1308 1616 1391 predicte

307 1427 465 1486 mensuro,
487 1406 632 1469 similiter
653 1407 692 1469 de
713 1426 777 1469 uno
798 1426 909 1470 menso
929 1413 961 1470 61
981 1408 1112 1471 dimidia
1131 1408 1228 1470 curia.
1260 1406 1340 1470 Item
1361 1406 1444 1468 idern
1465 1406 1616 1468 Nicotaus

308 1506 452 1571 similiter
483 1503 575 1567 habet
606 1524 706 1567 unum
739 1504 905 1567 dimidium
933 1524 1079 1569 mensum
1105 1504 1222 1568 ibidem
1251 1512 1283 1568 et
1310 1524 1409 1568 unam
1437 1504 1558 1567 curiam
1584 1511 1616 1566 et

308 1605 395 1667 dabit
422 1604 579 1685 solvitque
603 1620 705 1665 unum
733 1602 890 1665 maldrum
911 1622 986 1666 cum
1006 1604 1134 1667 dimidio
1156 1603 1308 1686 predicto,
1334 1602 1479 1665 similiter
1498 1602 1615 1665 medie·

308 1709 403 1766 tatem
435 1700 587 1764 frumenti
620 1704 651 1763 et
680 1700 835 1782 reliquam
868 1701 1065 1764 medletetem
1100 1702 1195 1764 ordei.
1247 1701 1327 1763 Item
1358 1700 1544 1763 (1111116116
1575 1700 1616 1761 de

308 1800 438 1883 Rychen
471 1797 565 1861 habet
596 1817 697 1860 unum
731 1797 872 1881 quartale
903 1801 1001 1863 unius
1026 1801 1129 1863 mansi
1161 1805 1193 1862 61
1220 1818 1319 1862 unam
1352 1799 1474 1862 curiam
1505 1804 1537 1860 et
1562 1796 1616 1859 dat

310 1896 475 1960 dimidium
500 1894 655 1958 maldrum
678 1894 829 1959 frumenti
850 1903 882 1959 61
903 1896 1068 1960 dimidium
1090 1897 1250 1960 maldrum
1270 1896 1358 1959 ordei
1379 1896 1516 1978 predicte
1527 1913 1616 1956 men-

309 2014 391 2059 sure.
427 1994 505 2057 Item
529 1992 693 2055 Conredus
714 1992 752 2055 de
773 1990 905 2076 Ryehen
926 1993 1020 2057 babet
1042 1994 1208 2058 dimidium
1232 1995 1374 2077 quartale
1396 1994 1494 2057 unius
1513 1994 1616 2055 mansi

308 2096 340 2157 et
363 2110 462 2155 unam
483 2091 603 2154 curiam
626 2090 730 2153 eldat
751 2091 886 2173 singulis
907 2092 1000 2154 anuis
1021 2111 1122 2155 uuum
1144 2094 1286 2175 quartale
1304 2092 1456 2155 1111116111
1470 2097 1615 2154 6111111

309 2190 450 2272 quartale
481 2187 568 2251 ordei
599 2187 736 2270 predicte
767 2207 927 2251 mensure.
979 2189 1057 2253 Item
1091 2188 1255 2254 Corradus
1290 2190 1394 2253 dictus
1427 2190 1617 2253 Smelremns

310 2286 403 2351 lubet
423 2291 453 2349 et
474 2284 611 2368 possidet
632 2285 692 2347 trie
713 2285 868 2367 quartalia
889 2287 987 2349 unius
1008 2289 1111 2351 mensi
1132 2293 1164 2350 et
1184 2308 1282 2351 onam
1303 2289 1423 2350 curiam
1442 2292 1474 2349 61
1492 2286 1617 2348 dattrie

309 2385 429 2447 maldra
458 2384 609 2446 frumenti
641 2389 671 2445 61
702 2384 900 2446 medietatem
927 2385 1031 2461 ordei,
1067 2384 1213 2449 videlicet
1245 2405 1347 2448 unum
1378 2402 1454 2447 curn
1485 2383 1616 2446 dInridio

308 2482 459 2546 frumenti
480 2486 511 2544 et
531 2500 632 2545 unum
655 2500 729 2543 cum
750 2481 879 2544 dimidi0
896 2482 992 2545 ordei.
1025 2482 1104 2545 ltem
1125 2482 1329 2546 Hermannus
1345 2481 1502 2563 Hartungi
1522 2480 1617 2544 babet

308 2582 436 2644 terciam
469 2586 588 2662 partem
620 2579 718 2641 unius
744 2580 847 2641 mansi
872 2587 904 2643 et
929 2600 1026 2643 unam
1057 2582 1178 2643 curiam
1216 2586 1248 2643 61
1277 2580 1331 2643 dat
1360 2580 1495 2662 singulis
1522 2580 1617 2642 annis

309 2678 476 2741 dimidium
500 2676 656 2739 maldrum
678 2676 829 2740 frumenti
851 2684 882 2739 61
903 2676 1070 2741 dimidium
1091 2679 1249 2741 maldrum
1269 2678 1356 2741 ordei
1377 2678 1515 2761 predicte
1530 2696 1615 2739 men-

309 2796 391 2839 sure.
433 2775 511 2837 Item
544 2772 716 2837 Heinricus
747 2773 850 2836 dictus
881 2774 1064 2857 anbilberg
1091 2775 1185 2838 babet
1211 2778 1340 2839 terciam
1368 2783 1490 2861 perlem
1517 2776 1617 2838 unius

308 2876 411 2937 mansi
432 2880 463 2936 et
484 2892 582 2935 unam
603 2872 723 2934 curiam
746 2878 778 2934 et
798 2872 851 2935 dat
872 2872 1038 2935 dimidium
1060 2872 1216 2936 maldrum
1235 2874 1387 2937 frumenti
1401 2884 1434 2937 61
1447 2874 1615 2936 dimidium

308 2972 466 3035 maldrum
486 2969 579 3033 ordei.
622 2969 702 3032 Item
722 2968 932 3033 Theodericus
950 2970 989 3033 de
1009 2970 1203 3035 Rudenstete
1228 2970 1323 3035 babet
1342 2974 1473 3035 terciam
1494 2978 1616 3057 portem

309 3071 407 3133 unius
428 3069 530 3131 mensi
551 3072 632 3131 terre
653 3066 782 3129 arabilis
802 3072 833 3130 61
854 3087 952 3131 unam
973 3070 1094 3132 curtem
1115 3076 1149 3131 et
1167 3069 1220 3131 det
1241 3069 1375 3151 singulis
1403 3071 1498 3131 annis
1524 3069 1616 3131 dimi-

309 3168 395 3230 dium
426 3166 583 3229 maldrum
613 3166 763 3228 frumenti
793 3173 824 3228 et
850 3166 1017 3229 dimidium
1044 3167 1129 3230 ordei
1156 3168 1256 3229 annui
1284 3174 1316 3230 et
1335 3168 1478 3249 perpetui
1499 3186 1616 3230 census

308 3265 445 3348 predicte
475 3282 631 3327 mensure
674 3262 753 3327 Item
780 3264 913 3343 quilibet
938 3265 977 3327 de
1003 3266 1183 3349 prescriptis
1204 3266 1325 3327 mensis
1345 3264 1437 3327 debet
1458 3270 1566 3327 tenere
1586 3272 1619 3327 et

309 3363 424 3426 habere
452 3364 581 3445 triginta
606 3368 637 3425 61
663 3380 720 3424 sex
742 3380 834 3443 agros
863 3370 895 3424 ct
922 3382 1020 3426 unam
1038 3365 1169 3447 virgam.
1192 3364 1407 3425 continentem
1433 3362 1614 3445 quindecim

309 3461 420 3544 pedes.
447 3466 478 3523 ct
497 3460 630 3543 quilibet
650 3478 725 3541 eger
746 3459 885 3521 continet
904 3461 937 3521 11
957 3459 1157 3543 longitudine
1178 3460 1386 3543 quodraginta
1410 3459 1491 3523 duas
1512 3461 1617 3542 virgas

310 3566 340 3621 61
361 3560 393 3622 11
417 3558 584 3621 latitudine
603 3564 753 3640 quatuor,
774 3563 805 3619 et
825 3556 967 3638 quelibet
984 3559 1086 3640 virgo,
1107 3578 1180 3621 cunr
1203 3580 1267 3641 qua
1287 3565 1504 3637 mensuratur,
1524 3558 1619 3621 debet

309 3658 471 3719 continere
491 3655 672 3737 quindecim
694 3654 788 3738 pedes
809 3655 842 3717 in
864 3654 1070 3737 longitudine.
1112 3655 1149 3719 Iu
1170 3676 1307 3739 quorum
1328 3657 1474 3719 omnium
1499 3657 1616 3719 61611-

310 3754 456 3835 gulorum
478 3753 693 3816 testimoninm
715 3759 746 3815 et
766 3753 988 3815 certitudinem
1005 3752 1177 3818 firmiorem
1200 3774 1259 3817 nos
1281 3752 1392 3832 Busso,
1409 3752 1618 3834 lllecbthildis,

310 3852 493 3915 llrredericus
521 3858 553 3914 61
570 3850 784 3929 Hermanuus,
809 3852 940 3913 comites
963 3851 1002 3914 de
1027 3850 1222 3915 Orlamunde
1247 3852 1394 3935 predicti,
1415 3852 1473 3914 bas
1499 3851 1617 3915 litteras

310 3951 446 4032 desuper
470 3949 627 4012 confectus
657 3948 802 4011 dedimus
824 3948 951 4031 prefatis
973 3949 1091 4012 decano
1109 3956 1141 4013 61
1161 3950 1297 4034 capitulo
1319 3950 1511 4031 appensione
1532 3952 1618 4032 sigil-

310 4049 412 4111 lorum
436 4054 614 4110 nostrorum
636 4046 770 4109 fideliter
789 4047 1010 4108 communitos.
1051 4046 1159 4110 Testes
1180 4067 1308 4130 quoque
1330 4054 1422 4111 sunt:
1454 4048 1619 4112 Comedus

311 4148 460 4227 pincerna
481 4145 519 4207 do
540 4144 681 4221 Nebere,
707 4142 865 4205 Iohannes
887 4144 925 4204 de
946 4144 1062 4207 Olina·
1081 4148 1246 4227 armigeri,
1272 4144 1430 4209 Iohannes
1451 4145 1491 4209 de
1511 4146 1618 4209 Grun-

311 4249 388 4305 stete
422 4244 577 4325 opidanus
610 4242 810 4305 IlriordensIs
844 4246 875 4303 et
905 4242 1109 4325 quamplures
1139 4244 1192 4305 alii
1223 4244 1383 4326 lidedIgni.
1437 4247 1551 4308 Actum
1587 4254 1619 4307 et

311 4340 419 4403 datum
449 4338 590 4403 Erl'ordie
621 4360 705 4402 anno
737 4338 864 4401 Domini
895 4339 1062 4403 mlllesImo
1090 4342 1301 4404 tricentesitno
1322 4343 1481 4405 tricesimo
1507 4344 1617 4425 prime,

311 4438 432 4501 decimo
454 4436 523 4501 Kal.
537 4436 654 4500 Marcii.

388 4545 400 4573 ⁸
425 4544 556 4599 ttctteient
576 4545 669 4599 otene
686 4562 720 4599 ru
738 4546 813 4601 lesen.
