3525 5209
303 429 354 484 572
657 430 931 506 Geschiehtsquellen
949 431 999 487 der
1018 433 1097 487 Prer.
1113 431 1243 490 Sachsen.

303 601 375 644 cnm
410 590 484 647 neta
525 585 688 668 principali
722 587 847 670 propria
888 607 985 650 manu
1026 586 1197 671 subscripsi
1236 593 1266 650 et
1302 588 1393 668 signo
1435 605 1504 649 meo
1547 605 1609 648 una

303 702 376 744 cum
419 683 493 745 dicti
544 686 706 750 reverendi
750 687 846 768 patris
900 687 1091 768 appensione
1137 685 1229 765 sigilli
1279 685 1400 768 signavi
1451 693 1612 761 consueto,

304 787 434 844 vocatus
467 788 498 844 et
523 784 697 865 requisitus
726 785 757 846 in
789 786 893 847 maius
921 786 1134 848 testimonium
1171 785 1313 847 omniurn
1348 791 1379 847 et
1409 783 1608 866 singulorum

303 898 538 962 premissorum.

305 1064 409 1146 1377.
439 1066 564 1168 April
593 1068 653 1149 ltl.
683 1069 844 1151 Erunt.
1522 1073 1610 1154 783.

406 1185 470 1247 Der
496 1187 667 1268 pripsllicbe
689 1187 834 1252 Nuntius
859 1187 992 1252 limares
1016 1190 1055 1252 (le
1081 1191 1281 1254 Arrtrnnnalls
1309 1191 1409 1254 nurchi
1438 1191 1489 1254 dle
1517 1191 1612 1256 Bulla

405 1285 504 1366 Popst
525 1286 662 1368 Grepors
684 1286 743 1350 XI.
768 1307 832 1351 rura
852 1293 902 1355 12.
913 1286 1045 1353 Jarrucr
1068 1292 1154 1353 1376
1174 1289 1316 1353 celarunt.

456 1387 501 1440 Or.
521 1387 569 1440 urit
586 1387 612 1440 d.
624 1387 650 1441 S.
672 1389 708 1440 im
727 1388 789 1456 Kpl.
803 1389 839 1442 Sl.
853 1388 886 1445 A.
908 1405 942 1442 ru
961 1388 1000 1441 M.

387 1474 660 1539 Reverendissimo
691 1478 723 1539 in
758 1477 881 1541 Christo
914 1479 993 1561 patri
1033 1483 1064 1543 et
1098 1477 1243 1558 domine,
1282 1478 1410 1542 domino
1443 1478 1612 1544 ludowico

303 1574 545 1655 archiepiscopo,
565 1574 838 1641 etvenerabilibus
856 1579 940 1655 viris,
960 1578 1097 1640 dominis
1125 1579 1287 1660 preposito,
1305 1578 1423 1640 decano
1435 1587 1465 1640 et
1475 1579 1612 1661 capitulo

305 1671 504 1755 singulisque
533 1676 694 1738 canonicis
728 1682 758 1739 et
788 1677 931 1759 persenis
967 1677 1096 1740 ecclesie
1127 1674 1307 1758 Mogontine
1339 1696 1375 1738 ec
1407 1676 1557 1740 erunibus
1583 1683 1613 1740 et

305 1771 440 1851 singulis
461 1773 616 1853 personis,
637 1773 819 1855 dignitates
841 1780 1040 1858 personatus,
1061 1775 1368 1852 administracicnes,
1396 1775 1612 1854 canonicatus,

305 1869 456 1933 beneficia
490 1890 552 1933 seu.
579 1872 683 1935 ostiola
720 1893 923 1956 quecumque
954 1880 1017 1936 tarn
1049 1875 1079 1936 in
1120 1873 1230 1936 eadem
1263 1873 1409 1950 ecelesia,
1445 1893 1540 1956 (quam
1580 1875 1610 1936 in

306 1969 463 2032 universis
498 1969 569 2033 aliis
599 1971 739 2034 eeclesiis
769 1971 942 2056 collegiatis
973 1981 1004 2036 et
1036 1991 1097 2035 non
1130 1971 1317 2054 collegiatis,
1353 1973 1553 2036 nronssteriis
1582 1978 1613 2036 et

304 2066 432 2150 <apellis
454 2067 699 2152 quibuscunque
720 2068 951 2148 obtinentibus,
979 2090 1172 2155 quocunque
1201 2071 1328 2133 nomine
1348 2075 1553 2142 censeantur,
1582 2075 1611 2134 et

304 2163 453 2228 omnibus
474 2171 505 2229 et
531 2167 679 2250 singulis,
707 2187 844 2251 quorum
872 2170 1002 2233 interest
1033 2188 1088 2233 seu
1116 2174 1266 2234 interesse
1293 2169 1405 2252 polerit
1436 2169 1612 2251 aliqualiter

304 2264 336 2326 in
358 2263 512 2345 futurum,
532 2284 588 2349 per
608 2266 776 2342 civitatem,
797 2269 990 2350 provinciam
1014 2275 1044 2332 et
1056 2269 1211 2332 diocesem
1231 2267 1452 2351 Mogontiuam
1476 2287 1514 2331 ao
1536 2267 1612 2331 alias

306 2361 438 2425 ubilibet
474 2365 670 2444 constitutis,
698 2364 832 2428 Thomas
863 2365 902 2429 de
934 2367 994 2428 Am
1004 2369 1121 2444 anatis,
1152 2368 1270 2430 electus
1297 2403 1597 2415 —————
1603 2369 1611 2406 ¹

304 2461 473 2544 deputatus
502 2462 635 2526 salutem
661 2463 693 2526 in
717 2461 854 2527 Domino
906 2465 956 2527 Ad
989 2465 1209 2529 [aniversorum
1242 2469 1418 2528 vestrorum
1441 2503 1478 2510 ——
1502 2501 1538 2510 -—
1560 2469 1610 2514 —1

305 2558 446 2640 bullatiS,
465 2565 496 2624 et
519 2560 612 2625 nobis
633 2563 820 2645 presentatis
842 2583 878 2626 ae
900 2581 955 2647 per
975 2583 1033 2627 nos
1057 2583 1131 2628 curn
1149 2582 1193 2641 ea,
1216 2583 1279 2646 qua
1300 2562 1413 2642 decuit,
1437 2565 1613 2627 reverentia

304 2659 450 2740 receptis,
481 2659 606 2741 plenius
625 2661 818 2734 continetur,
845 2679 981 2742 querum
1003 2667 1093 2724 tenor
1121 2662 1166 2724 sie
1188 2661 1315 2745 incipit:
1349 2661 1520 2744 Gregorius
1541 2665 1613 2725 ete²

304 2755 412 2818 datum
444 2757 604 2820 Arinione
630 2757 670 2820 ΙΙ.
688 2757 765 2821 ldus
794 2756 934 2821 Ianuarii
967 2757 1168 2842 pontificatus
1200 2760 1299 2823 nostri
1328 2777 1411 2822 anno
1439 2757 1494 2821 VI.
1536 2758 1614 2823 Post

305 2873 440 2936 quarum
470 2855 712 2937 apostolicarum
733 2857 942 2939 receptionem
968 2857 1142 2920 litterarum
1170 2875 1229 2920 nos
1260 2876 1314 2940 pro
1341 2861 1428 2940 perte
1456 2857 1613 2922 dictorum

304 2951 537 3034 proconsulum,
558 2954 726 3016 consulum
748 2959 778 3018 et
793 2955 1002 3038 opidanorum
1023 2963 1054 3018 et
1082 2956 1215 3018 aliorum
1245 2953 1517 3037 infrascriplorum
1538 2973 1612 3018 curn

305 3050 461 3113 instancia
481 3050 585 3114 debita
605 3053 764 3133 requisiti,
793 3054 934 3118 volentes
955 3055 1052 3136 igitur
1072 3054 1155 3116 cirea
1176 3051 1406 3116 relaxaeionem
1430 3059 1460 3116 et
1481 3072 1613 3136 suspen·

305 3149 425 3211 sionem
458 3149 631 3213 antedictas
658 3155 689 3213 et
719 3151 781 3214 alia
811 3153 843 3216 ln
873 3152 963 3215 dictis
999 3152 1110 3215 litteris
1136 3156 1283 3215 contenta
1314 3151 1482 3234 procedere
1509 3150 1613 3216 debite

306 3251 341 3308 ut
362 3245 550 3310 tenebamur
571 3254 601 3312 et
624 3254 783 3328 tenemur,
806 3254 838 3314 et
857 3250 983 3337 prestita
1006 3248 1096 3312 nobis
1119 3249 1266 3332 primitus
1285 3269 1341 3333 pre
1364 3249 1612 3313 dominnnostro

307 3363 386 3429 papa
413 3349 444 3408 et
469 3347 543 3410 sede
564 3348 735 3431 aposlolica
756 3347 893 3431 predicta
914 3352 945 3410 et
965 3347 1051 3427 aliis,
1073 3365 1207 3431 quorum
1232 3348 1362 3411 interest
1390 3348 1439 3411 rel
1461 3348 1613 3412 interesse

307 3443 419 3525 poterit
440 3443 639 3514 infuturum,
662 3464 698 3508 ac
720 3447 788 3509 rice
809 3450 839 3509 et
857 3445 984 3508 nomine
1005 3445 1146 3528 ipsorum
1169 3445 1366 3529 recipiendis,
1388 3467 1407 3509 a
1429 3446 1521 3510 dictis
1542 3467 1613 3531 pro·

305 3541 506 3622 consulibus,
526 3542 712 3607 consulibus
731 3548 761 3607 et
781 3544 925 3627 opidanis
948 3541 1022 3607 dieti
1045 3543 1128 3627 opidi
1149 3545 1312 3625 ceuciene,
1343 3545 1434 3608 iuxta
1456 3543 1611 3608 dictarum

305 3638 480 3703 litterarum
507 3641 749 3724 apostolicarum
779 3643 892 3706 seriem
921 3647 952 3706 et
980 3641 1142 3721 effectum,
1168 3642 1206 3705 de
1233 3661 1296 3725 qua
1325 3640 1415 3705 nobis
1448 3642 1613 3706 videbatur

305 3738 464 3818 expedire,
485 3747 516 3803 et
537 3739 698 3823 prehabito
719 3760 792 3803 cum
814 3740 923 3823 peritis
944 3743 974 3802 et
995 3739 1162 3820 fidedignis
1183 3741 1281 3804 eciam
1293 3741 1375 3803 intra
1391 3760 1449 3804 nes
1461 3739 1627 3805 delibera,

305 3835 397 3898 eione
423 3836 565 3919 diligenti
594 3844 625 3901 et
652 3843 788 3908 matura,
819 3857 930 3901 omnes
957 3844 987 3900 et
1013 3837 1153 3920 singulas
1177 3873 1216 3880 —
1238 3877 1276 3884 -
1299 3877 1336 3884 -
1357 3841 1410 3884 -1
1432 3838 1611 3917 volendum,

304 3953 342 3995 ac
362 3934 561 4016 presentibus
582 3937 675 3999 mede
697 3936 836 4018 predicto
858 3934 1013 4015 tollimus,
1038 3936 1264 4018 suspendimus
1291 3943 1322 3999 et
1348 3938 1381 3999 in
1404 3937 1466 4000 hiis
1488 3937 1611 4020 scriptis

305 4031 494 4095 relaxamus.
538 4031 666 4097 Necnon
690 4055 801 4099 omues
822 4039 853 4097 et
877 4034 1021 4115 singulos
1050 4033 1201 4117 opidanos
1222 4040 1252 4097 et
1273 4035 1351 4098 alios
1370 4035 1527 4118 predictos
1548 4041 1612 4097 tem

305 4128 435 4192 clericos
462 4151 559 4213 quam
588 4131 683 4196 laicos
705 4135 928 4215 cuiuscunque
948 4137 1062 4210 status,
1088 4131 1218 4215 gradus,
1245 4132 1377 4210 ordiniS,
1408 4132 1612 4210 condicionis,

306 4228 467 4309 dignitatis
490 4230 537 4293 vel
560 4233 785 4313 preemincntie
805 4233 977 4295 existentes
993 4236 1024 4294 et
1034 4228 1206 4314 quemlibet
1217 4232 1358 4314 ipsorum
1374 4232 1473 4294 eciam
1485 4231 1611 4294 divisim

212 4391 216 4395 ,
305 4345 323 4387 a
346 4327 493 4406 predictis
509 4328 717 4411 processibus,
739 4331 771 4392 in
784 4337 939 4413 quantum
953 4335 1027 4394 sunt
1041 4329 1088 4393 vel
1098 4329 1217 4392 fuerint
1227 4328 1322 4410 ligati,
1334 4329 1417 4392 dicta
1427 4330 1612 4392 auctoritate

306 4423 444 4505 interim,
456 4431 491 4487 ut
499 4427 676 4508 predicitur,
683 4428 862 4491 exemimus
872 4425 1129 4510 etdisligavimus
1139 4425 1375 4510 etpresentibus
1388 4427 1614 4491 nichilominus

303 4522 348 4582 sic
371 4523 546 4586 eximimus
559 4532 589 4587 et
600 4525 793 4606 disligamus.
836 4523 1009 4589 idearobis
1041 4561 1065 4569 -
1086 4565 1124 4571 —
1145 4525 1239 4588 vitari
1259 4525 1387 4588 faciatis.
1429 4525 1611 4590 Presentem

307 4651 345 4663 -
354 4653 391 4662 -
406 4655 442 4664 -
456 4624 508 4666 -1
529 4623 667 4704 rogatis.3
