3525 5209
289 414 340 468 704
648 406 923 478 Goschiehtsquclleu
942 408 990 463 (lor
1010 406 1088 465 Prov.
1103 410 1232 469 Saclrsen.

289 564 417 627 abbates
430 561 476 623 vel
490 561 519 621 in
538 558 755 641 superioribus
766 560 973 641 dignitatibus
984 564 1162 639 constitute,
1177 572 1232 626 aut
1242 584 1341 645 regna,
1359 567 1472 646 regine,
1488 566 1594 643 duces

287 663 459 746 principes,
495 658 705 736 nrarebioues,
742 658 933 740 landgravii,
971 662 1114 738 comites,
1156 663 1354 727 vicecomites
1385 664 1435 725 vel
1468 666 1594 727 maioris

290 759 514 846 preerninentie
527 777 588 819 uon
602 755 721 819 fuerint
733 758 900 839 utriusque
919 777 1025 836 sexus,
1040 760 1131 825 nobis
1148 767 1178 822 ot
1196 761 1296 823 eidem
1315 762 1445 825 00Ιο00
1463 762 1594 840 devotis,

287 882 367 945 quas
388 856 518 921 duxeris
539 854 711 935 eligendaS,
741 863 776 917 ut
796 873 904 917 earum
928 855 1057 919 cuilibet
1078 858 1166 921 liceat
1189 858 1301 923 babere
1330 860 1426 923 altaro
1453 861 1593 942 portatile

287 980 360 1023 curu
382 956 486 1019 debita
508 954 682 1016 reverentia
704 953 883 1031 ethonore,
905 974 999 1037 super·
1021 975 1083 1037 quo
1107 957 1137 1018 in
1163 957 1239 1021 locis
1260 958 1298 1021 ad
1322 958 1378 1021 hoc
1393 961 1595 1041 congruenti·

289 1058 349 1120 bus
378 1064 408 1118 et
437 1054 576 1116 honestis
605 1052 727 1133 possint
753 1070 808 1133 por
838 1053 1000 1134 proprium
1023 1054 1213 1117 sacerdotem
1237 1054 1388 1119 idoneum
1411 1058 1541 1119 missam
1563 1064 1593 1120 et

287 1156 349 1218 alia
373 1153 481 1215 ‹livina
509 1148 612 1213 officia
639 1150 708 1212 sine
734 1150 814 1212 iuris
841 1149 934 1212 alieni
961 1152 1131 1233 preindieio
1163 1154 1193 1215 in
1227 1173 1285 1217 sua
1315 1156 1471 1236 presentia
1491 1157 1592 1219 faeere

286 1252 451 1328 celebrari,
480 1248 605 1331 plenam
634 1256 665 1309 et
685 1247 815 1323 liberam
837 1246 1040 1311 concedimus
1061 1255 1169 1313 tenore
1190 1253 1383 1333 presentium
1405 1252 1593 1326 facultatem,

287 1352 385 1414 literis
413 1349 477 1411 tuis
499 1346 641 1428 personis
672 1344 791 1409 eisdem
819 1358 982 1429 propterea
1011 1348 1220 1413 concedendis
1249 1356 1318 1430 post
1346 1350 1548 1428 decennium,
1574 1374 1592 1413 a

286 1450 358 1513 dato
380 1449 519 1529 ipsarum
542 1444 702 1507 literarum
727 1453 850 1507 tuarum
873 1446 1139 1526 computandum.
1166 1448 1295 1511 minime
1320 1448 1469 1512 valituris.
1512 1448 1592 1513 Data

286 1547 370 1611 Liree
393 1543 463 1607 Vll.
487 1543 562 1606 ldus
583 1540 673 1610 Maii,
694 1542 895 1624 pontificatus
918 1544 1014 1606 nostri
1037 1564 1120 1607 anno
1142 1544 1270 1607 decimo.

366 1642 451 1707 Hinc
477 1648 539 1721 est,
570 1642 654 1723 quod
688 1661 745 1703 uos
776 1643 887 1705 vestris
914 1642 1035 1705 devotis
1062 1642 1345 1725 supplicationibus
1367 1643 1524 1723 inclinati,
1558 1652 1591 1707 ut

286 1746 377 1807 liceat
408 1739 498 1804 vobis
535 1747 565 1802 ot
599 1748 738 1803 vostrum
776 1740 905 1803 cuilibet
938 1739 1051 1804 habero
1081 1740 1179 1805 altare
1208 1742 1351 1823 portatile
1382 1763 1455 1806 oum
1486 1742 1588 1807 debita

286 1841 460 1905 reverentia
489 1846 520 1901 et
551 1838 686 1908 bonore,
720 1855 815 1917 super
845 1857 908 1919 quo
944 1839 974 1899 iu
1004 1840 1137 1920 pretorio
1166 1847 1197 1901 et
1223 1840 1333 1903 castris
1359 1840 1464 1924 oppidi
1494 1843 1587 1903 vostri

285 1938 483 2002 Eri'ordensis
513 1957 550 1997 ac
576 1935 645 1997 aliis
676 1933 753 1997 locis
784 1936 1032 2016 congruentibus
1059 1944 1089 1999 et
1117 1938 1257 2001 honestis
1278 1940 1404 2021 possitis
1424 1978 1462 1985 m
1477 1976 1513 1985 —-
1527 1946 1590 1987 -2

285 2038 448 2115 colobiati,
480 2034 638 2097 devotioni
669 2041 770 2096 vostre
790 2034 1000 2115 predictarum
1022 2034 1184 2099 literarum
1209 2038 1314 2118 vigore
1332 2044 1439 2100 tenore
1465 2058 1582 2119 proscu-

285 2138 365 2199 tium
387 2134 608 2216 indulgemus,
632 2131 830 2214 praesentibus
851 2140 921 2214 post
943 2134 1133 2196 decennium
1157 2135 1288 2197 minimo
1309 2136 1459 2199 valituris.
1504 2136 1588 2199 Nulli

284 2234 494 2281 ----¹
524 2232 738 2294 incursurum.
782 2228 899 2293 Datum
928 2228 1071 2293 Enordie
1094 2231 1278 2313 l‘lnguntine
1307 2233 1439 2297 diocesis
1463 2234 1497 2295 l'.
1524 2233 1588 2297 lial.

284 2331 468 2396 Decembris
496 2350 580 2393 anno
608 2328 734 2392 Domini
768 2327 937 2391 millesimo
971 2332 1189 2393 trecentesimo
1223 2334 1436 2413 octuagesimo
1469 2341 1588 2411 octavo,

283 2431 483 2515 pontificatus
505 2427 614 2512 prefati
634 2426 755 2489 domini
775 2428 873 2490 nostri
896 2446 975 2508 pape
996 2446 1079 2492 arrno
1104 2429 1277 2492 undecimo.

354 2547 450 2601 'Hier
477 2545 594 2598 wentae
619 2542 868 2597 ribereinstimmmd
893 2544 939 2595 urit
959 2542 1005 2595 der
1018 2544 1124 2613 ¹rors'pen
1147 2544 1275 2598 b‘rhranle
1293 2546 1416 2599 Ninia
1490 2546 1587 2600 'llier

282 2620 401 2673 reortlich
420 2613 668 2672 00000000000000
687 2614 734 2667 nait
752 2613 799 2666 der
816 2614 1001 2681 ciapcra't'clncn
1020 2614 1107 2668 Bulla

282 2824 400 2907 lass.
428 2821 666 2905 December
691 2821 729 2901 3.
760 2817 925 2898 lhfurt
1496 2821 1585 2901 070.

387 2956 515 3037 Philipp
545 2978 600 3021 roa
627 2956 780 3036 Alorpm,
812 2954 1004 3035 perpsallere-r
1035 2954 1146 3035 Lepet,
1180 2954 1305 3019 rcrlcibt
1333 2956 1400 3018 dent
1431 2956 1586 3019 Martias-

383 3057 533 3137 bospitole
552 3055 716 3137 irtErsinl
732 3074 793 3116 000
811 3052 1001 3133 pripsllicher
1020 3052 1188 3117 Vollrnocbt
1209 3057 1259 3116 cin
1272 3054 1584 3134 Ablossprioileyiunr

380 3156 436 3234 tii-r
462 3153 632 3234 1001090,
655 3154 724 3216 <lein
746 3175 778 3215 cr
798 3176 860 3217 nats
880 3156 1002 3235 eipeaer
1020 3154 1187 3221 Volbnuchl
1206 3152 1284 3217 atech
1306 3154 1356 3216 oiri
1377 3152 1490 3216 solchcs
1513 3156 1586 3217 iiber

382 3256 426 3315 40
450 3250 532 3330 lhqe
551 3252 728 3331 ltinaarsiipt.

433 3368 477 3426 Or.
497 3369 547 3421 ravit
564 3369 590 3422 d.
609 3371 636 3426 S.
655 3370 694 3422 im
712 3370 745 3422 E.
766 3372 801 3421 A.

364 3492 528 3577 Philippus
547 3494 584 3556 de
607 3494 780 3556 Alenconio
803 3530 840 3538 -
853 3532 889 3539 -
902 3532 938 3539 -
952 3534 989 3541 -
1005 3498 1013 3535 ¹
1036 3494 1173 3575 legatus,
1195 3495 1354 3556 universis
1378 3494 1492 3555 Christi
1511 3494 1585 3556 iidc-

282 3592 374 3671 libus,
407 3600 567 3675 presentes
588 3592 706 3655 litteras
733 3594 936 3675 inspecturis,
965 3592 1096 3655 salutem
1126 3592 1157 3653 iu
1182 3590 1327 3654 Dourino.
1371 3590 1455 3654 lieet
1477 3594 1517 3666 is,
1547 3592 1584 3653 de

282 3692 374 3754 cuius
395 3710 529 3754 nurnero
550 3692 651 3766 venit,
670 3699 705 3754 ut
727 3690 786 3754 sibi
808 3712 826 3753 a
848 3693 915 3755 suis
936 3690 1083 3754 fidelibus
1104 3690 1197 3773 digne
1218 3695 1249 3752 et
1270 3689 1469 3753 laudabiliter
1488 3691 1585 3752 servi-

246 3799 251 3807 '
279 3800 351 3857 atur
386 3791 425 3854 de
459 3788 682 3851 habundancia
711 3809 767 3852 sue
796 3791 934 3872 pietatm,
965 3809 1026 3872 quo
1056 3790 1167 3851 merita
1195 3788 1374 3871 supplicum
1403 3789 1526 3851 excedit
1553 3798 1583 3851 et

280 3898 352 3955 rota
381 3892 461 3953 bene
487 3885 700 3957 servientibus
722 3888 781 3950 sibi
804 3889 904 3951 multo
930 3890 1048 3951 maiora
1069 3886 1222 3950 retribuat
1251 3906 1348 3967 quarn.
1370 3888 1493 3949 valeant
1515 3908 1582 3969 pro-

279 3990 405 4065 mereri,
447 3988 673 4050 nichilominus
709 3992 812 4049 tamen
854 3986 1066 4049 desiderantes
1099 3984 1234 4049 Domino
1269 3986 1398 4049 reddero
1431 3985 1579 4067 populum

278 4087 499 4172 acceptabilem
528 4092 558 4147 et
584 4084 740 4147 bonorum
769 4104 898 4167 operum
928 4090 1110 4148 sectatorem
1142 4083 1250 4147 fideles
1277 4085 1361 4165 ipsos
1388 4084 1426 4147 ad
1448 4082 1582 4166 compla-

277 4188 413 4251 cendum
437 4184 498 4249 sibi
518 4185 609 4267 qrrasi
632 4183 820 4265 quibusdam
844 4183 997 4245 allectivis
1019 4181 1221 4260 muneribus,
1244 4182 1449 4263 indulgentiis
1466 4181 1582 4245 scilicet

277 4293 308 4349 ot
334 4283 593 4360 remissionibus,
617 4283 809 4359 invitamus,
841 4287 875 4343 ut
898 4278 1014 4344 exinde
1036 4280 1208 4343 reddantur
1229 4280 1335 4342 divine
1355 4282 1455 4363 gratie
1476 4300 1581 4363 accep-

277 4388 380 4447 tiores.
430 4382 656 4445 Sanctissimus
692 4379 849 4462 siquidem
890 4380 922 4441 in
952 4377 1074 4441 Christo
1112 4385 1198 4461 pater
1227 4386 1257 4441 et
1289 4378 1437 4441 dominus
1470 4386 1582 4443 noster.

277 4482 426 4544 dominns
460 4477 622 4551 UrbanuS,
656 4477 765 4541 divina
801 4477 998 4561 providentia
1034 4497 1113 4560 papa
1137 4476 1199 4554 VL,
1231 4497 1306 4541 suas
1341 4476 1433 4541 nobis
1463 4478 1581 4541 litteras

276 4580 428 4660 gratiosas
449 4578 604 4639 concessit
624 4574 683 4638 sub
703 4576 763 4639 hac
783 4576 896 4641 forma:
