3525 5209
292 391 346 445 464
516 475 519 482 ⁴
653 354 929 460 Geschlohtsqnellan
946 385 996 444 der
1015 385 1095 444 Prov.
1114 383 1245 444 menan

297 543 332 605 in
361 561 496 625 grnzzen
523 541 639 605 wirden
663 542 776 605 hornen
799 543 847 604 ist.
881 539 992 604 Devon
1014 560 1049 603 so
1071 539 1187 623 begern
1208 543 1268 604 wir
1285 560 1326 604 an
1346 541 1407 604 noh
1426 541 1495 604 und
1515 547 1606 606 raten

296 641 458 718 miternst,
479 641 535 703 das
550 641 578 702 ir
600 640 658 702 uch
682 640 780 702 duran
802 640 949 703 bswaren
970 640 1075 704 wollet
1095 640 1185 703 heide
1206 659 1267 720 gen
1288 658 1351 703 uns
1373 639 1440 702 nnd
1461 640 1605 723 denege

295 747 413 802 nanten
436 758 551 801 unsern
575 739 722 818 ohemen,
750 737 797 800 ala
826 739 881 801 wir
907 739 963 801 des
990 757 1097 802 uwern
1121 747 1244 800 trnwen
1265 737 1447 802 sunderlich
1465 736 1606 819 glauben

295 836 361 898 und
388 845 550 918 getrauen.
599 836 707 900 Geben
735 855 794 898 ozn
821 835 909 899 Lnolr
930 855 970 898 an
993 855 1090 899 nnscr
1110 854 1240 898 vrawen
1259 842 1330 918 tage
1354 837 1389 897 in
1409 837 1466 899 der
1486 843 1606 913 vasten,

293 953 407 998 unserr
429 936 532 1000 reiohe
554 936 587 996 in
609 934 680 996 dem
703 933 1077 1016 dreyundozwenoigsten
1103 934 1170 998 und
1191 933 1246 997 des
1266 931 1456 997 keisertnms
1475 935 1509 996 in
1531 933 1603 996 dem

292 1031 521 1095 vierezehnden
541 1035 614 1094 iare.
1098 1031 1150 1096 Ad
1171 1031 1358 1096 mandatnm
1380 1030 1502 1094 Cesaris

1186 1149 1243 1216 per
1264 1129 1401 1194 Janr...

370 1244 596 1327 (Ansschrifts)
619 1243 688 1309 Den
711 1247 801 1310 edeln
824 1246 969 1310 (lunther
990 1245 1057 1309 und
1068 1245 1199 1310 Hansen
1219 1253 1392 1330 gevettern
1411 1245 1519 1329 graleu
1542 1265 1602 1308 czn

290 1343 505 1426 Swarczburlr,
529 1365 646 1409 unsern
668 1346 733 1409 und
754 1346 809 1409 des
833 1345 935 1409 reichs
956 1343 1058 1409 lieben
1078 1353 1250 1428 getruwen.

291 1513 407 1595 raon.
435 1512 627 1616 apina.
1510 1511 1600 1594 osa.

390 1650 499 1716 *lineri
518 1671 576 1714 oon
599 1649 826 1731 Byclselinyen‚
847 1649 986 1732 Bisclmf
1000 1669 1042 1714 au
1063 1649 1184 1730 Hippo,
1206 1648 1318 1729 verlepl
1340 1650 1400 1712 clus
1414 1647 1605 1712 Kirchweilr·

388 1753 449 1833 fest
470 1751 524 1813 der
535 1751 648 1814 Alition
667 1751 700 1812 in
721 1750 777 1812 der
787 1748 1122 1829 Kantmdnnerlcirche
1141 1768 1208 1812 voni
1219 1745 1375 1828 Dienstop
1392 1748 1473 1811 uach
1491 1745 1603 1810 ostem

390 1848 456 1928 nus
469 1849 530 1911 den
551 1847 691 1926 &riulan
715 1847 1008 1928 Qttuairnodopem'li.

442 1965 486 2020 Or.
498 1966 536 2017 im
548 1964 612 2032 Kyl.
621 1964 660 2018 St.
672 1967 707 2019 A.
719 1981 754 2018 ra
768 1965 808 2018 M.
838 1963 865 2018 S.
875 1964 902 2018 d.

370 2067 477 2134 Frater
512 2068 663 2133 Albertus
698 2070 736 2134 de
773 2069 1001 2154 Byohelingin,
1037 2071 1098 2136 Dei
1135 2073 1237 2156 gratia
1270 2073 1437 2155 episcopus
1472 2070 1604 2134 ecclesie

294 2169 488 2254 lppusensis,
510 2171 647 2232 vicarius
661 2171 692 2232 in
709 2169 943 2252 pontificalibus
957 2171 1121 2234 reverendi
1132 2172 1166 2232 in
1179 2169 1302 2233 Christo
1316 2171 1412 2252 patris
1425 2189 1463 2232 ac
1474 2170 1604 2248 domiui,

292 2267 412 2330 domini
424 2265 555 2348 Gerlaci,
576 2266 799 2349 archiepiscopi
822 2267 906 2332 sedis
925 2268 1123 2348 Maguntine,
1141 2271 1397 2352 recognoscimus
1420 2275 1452 2332 et
1471 2268 1511 2330 ad
1530 2269 1603 2331 nni·

295 2385 458 2430 versorum
488 2373 552 2428 tarn
587 2365 786 2448 presencium
820 2386 916 2449 quarn
947 2367 1128 2430 futurorum
1155 2368 1305 2430 noticiam
1335 2367 1523 2430 deducimus
1547 2383 1604 2448 per

294 2469 469 2547 presentes,
497 2464 580 2547 quod
607 2464 645 2527 sd
674 2464 799 2528 landem
828 2470 860 2530 et
884 2465 1017 2548 gloriam
1039 2467 1264 2549 omnipotentis
1283 2463 1343 2528 Dei
1362 2464 1602 2545 gloriorissime-

291 2582 353 2645 que
384 2561 517 2644 virginis
547 2561 647 2625 Maris
679 2562 889 2627 dedicationes
925 2565 1070 2628 omnium
1099 2573 1130 2628 et
1161 2563 1361 2646 singulorum
1389 2563 1538 2626 altarium
1569 2567 1601 2624 in

289 2658 643 2722 ecclesiahlernatornm
658 2659 841 2724 Erfurdensi
863 2662 1078 2726 dedicatorum
1100 2671 1131 2725 et
1150 2669 1414 2740 constructorum,
1434 2661 1602 2743 hucusque

290 2758 385 2820 simul
413 2758 567 2820 hactenus
594 2758 671 2821 feria
699 2759 837 2823 secunda
858 2766 929 2843 pust
950 2760 1034 2824 diem
1054 2761 1170 2845 pasche
1189 2760 1361 2824 celebratas
1378 2758 1600 2842 et'solenrpni-

291 2863 380 2936 tatas,
406 2856 624 2920 transferendo
653 2857 793 2922 tollimus
813 2860 912 2942 ipsas,
941 2877 1004 2942 que
1024 2879 1066 2922 ex
1086 2861 1192 2923 causis
1208 2859 1310 2939 certis,
1329 2857 1370 2921 ad
1390 2858 1450 2920 hnc
1470 2875 1601 2920 moven-

287 2953 388 3031 tibus,
416 2973 453 3016 ac
483 2954 634 3036 speciales
667 2957 837 3038 peticiones
863 2965 993 3020 rectoris
1026 2957 1107 3021 dicte
1137 2956 1325 3020 ecclesiast
1356 2955 1599 3038 parrochialium

288 3051 441 3130 eiusdem,
462 3059 492 3114 et
508 3053 540 3113 in
559 3052 642 3114 diem
659 3053 858 3130 dominicam,
881 3057 913 3117 in
938 3075 1002 3138 qna
1023 3056 1102 3118 solet
1122 3055 1282 3118 decantari
1304 3039 1598 3138 quasimodog'eniti

288 3149 424 3230 singulis
457 3152 549 3213 annis
575 3153 733 3233 perpetuis
761 3153 908 3216 ammodo
937 3154 1133 3236 temporibus
1161 3155 1398 3236 transponimus
1425 3158 1458 3215 et
1484 3150 1600 3213 confir-

287 3267 414 3311 mamus
436 3248 635 3328 presentibus
656 3249 691 3311 in
711 3251 840 3314 nomine
862 3249 993 3314 Domini
1013 3252 1233 3334 solempniter,
1258 3257 1352 3334 prout
1372 3248 1501 3335 expedit
1520 3248 1602 3312 cele-

290 3345 432 3410 brandas
473 3345 593 3410 Dentes
625 3346 682 3410 has
708 3355 832 3412 nostras
860 3349 980 3413 litteras
1007 3350 1101 3433 sigilli
1127 3352 1228 3414 nostri
1246 3350 1439 3432 appensione
1459 3349 1600 3411 munitas

289 3446 323 3506 in
351 3447 567 3510 testimoninm
595 3465 690 3528 super
719 3465 763 3510 eo.
813 3452 908 3511 Anno
934 3449 1054 3512 domini
1084 3448 1251 3512 millesimo
1279 3447 1374 3510 000ο
1401 3449 1599 3529 sexagesimo

288 3562 382 3624 nono,
404 3544 516 3626 quinta
537 3542 588 3606 die
611 3545 729 3610 mensis
750 3548 874 3629 Aprilis.

289 3713 406 3795 lane.
433 3711 522 3798 nar
548 3713 612 3798 28.
1507 3712 1598 3794 638.

389 3849 518 3914 Konrad
547 3851 704 3934 Scholntt,
729 3853 846 3916 Plebun
873 3854 928 3917 der
947 3854 1153 3936 Psarrlcirche
1178 3875 1201 3919 s.
1215 3851 1306 3916 Pauli
1335 3851 1370 3914 ln
1389 3849 1522 3932 llrfurl,
1550 3869 1600 3930 pe·

389 3951 525 4032 nehmipt
548 3953 599 4016 die
624 3973 682 4017 ron
707 3952 827 4016 Rudolf
852 3953 994 4018 Vitatum
1020 3953 1088 4016 und
1113 3953 1264 4018 Heinrich
1291 3971 1353 4015 ron
1383 3952 1438 4015 der
1460 3949 1599 4014 Sachsen

385 4051 542 4132 pnnnchta
560 4053 705 4134 Sliftunp
721 4053 776 4114 der
790 4051 919 4114 Vilio-rie
939 4073 980 4118 ss.
999 4052 1104 4115 lodoci
1123 4059 1154 4116 et
1171 4054 1284 4116 Annae
1305 4049 1341 4111 in
1363 4047 1465 4110 seiher
1480 4045 1600 4109 Kirolac

389 4158 482 4216 nater
509 4153 563 4216 der
584 4154 791 4230 Bodincum,
820 4151 896 4212 dass
916 4150 971 4212 der
986 4149 1085 4214 Vilior
1106 4151 1265 4232 liirrpstens
1283 4150 1320 4214 in
1339 4145 1531 4226 Jahrafrtst
1549 4146 1600 4209 die

392 4253 634 4317 Hmdmwdrde
654 4251 779 4330 erlunye
799 4249 867 4312 und
887 4249 952 4312 sicli
971 4270 1014 4314 zu
1035 4252 1121 4314 noer
1141 4251 1296 4332 triplicitas
1316 4249 1423 4315 Messe
1443 4250 1523 4314 uadi
1544 4252 1600 4314 der

387 4352 586 4434 Pthrrmesse
606 4353 699 4433 corps
700 4348 797 4412 liciole.

368 4466 485 4534 Datum
502 4490 586 4534 anno
602 4468 732 4534 Domini
742 4467 968 4532 nocemur.
985 4468 1113 4532 leriaII.
1130 4476 1200 4552 post
1215 4475 1357 4534 octavam
1375 4471 1599 4554 penthecostes.

437 4587 764 4655 amnemamnem
779 4587 816 4640 em
834 4585 873 4644 n.
883 4587 918 4642 A.
