3525 5209
279 401 317 455 60
646 396 921 469 Gesohichtsquellen
938 394 988 453 der
1005 396 1086 453 Prov.
1099 395 1230 454 Sachsen.

283 558 394 635 sponte
415 556 446 615 et
468 551 591 635 publice
614 570 717 614 coram
741 550 815 613 cieri
837 556 867 613 at
888 550 994 634 populi
1016 550 1142 634 copiosa
1162 547 1365 611 multitudine
1387 566 1535 630 expresse
1558 554 1590 611 et

202 642 204 646 ’
281 652 387 733 sepius
404 650 594 742 recognovit
611 650 744 733 primam
762 648 1007 732 appellaoionem
1023 646 1201 731 approbans
1215 652 1246 710 et
1259 646 1451 724 collaudans,
1461 646 1588 730 ipsique

280 748 398 811 domini
426 748 489 810 mei
515 748 726 831 prosecutioni
749 745 998 831 appellecionum
1020 765 1151 809 suarum
1175 744 1358 808 huiusmodi
1380 744 1441 807 iam
1464 744 1586 807 dudum

283 846 453 909 institerint
488 844 655 909 efficaciter
685 851 715 908 et
743 846 908 917 insistant,
936 843 1107 923 supradicti
1134 849 1239 905 tamen
1261 887 1294 903 ..
1317 846 1502 905 executores
1527 860 1586 904 neo

282 944 345 1005 iuri
365 962 424 1006 nec
443 943 709 1027 appellacionibus
731 942 914 1007 huiusmodi
935 942 1109 1019 canoniciS,
1135 960 1193 1003 nec
1212 941 1311 1003 immo
1333 939 1399 1003 sedi
1420 938 1589 1019 apostolice

280 1040 468 1117 deferentes,
494 1041 547 1105 sed
576 1041 761 1125 gravamina
786 1039 1026 1121 gravaminibus
1054 1044 1258 1122 apponentes,
1287 1036 1350 1100 alia
1376 1037 1530 1100 deteriora
1557 1040 1589 1099 et

283 1138 384 1221 magis
400 1139 553 1201 iniuriosa
572 1138 729 1217 mandata,
752 1138 1029 1216 comminaciones,
1049 1157 1146 1221 penas
1166 1143 1197 1200 et
1218 1136 1400 1213 sententias,
1421 1136 1448 1197 si
1465 1136 1510 1198 sic
1524 1135 1586 1198 dici

284 1241 493 1313 mererentur,
522 1255 625 1320 nuper
649 1236 906 1312 transmiserunt,
933 1255 1069 1318 quorum
1097 1240 1128 1298 et
1150 1253 1284 1316 quarum
1313 1237 1404 1297 tenor
1430 1237 1461 1296 et
1489 1232 1603 1297 series

282 1334 470 1415 exprimitur
490 1334 523 1395 in
544 1334 645 1396 forma
665 1334 840 1397 litterarum
862 1334 1118 1416 supscriptarum.

362 1428 546 1510 Heinricus,
576 1424 755 1513 Dei'gratia
777 1437 883 1494 sancte
905 1430 1101 1494 Coloniensis
1126 1430 1256 1494 ecclesie
1277 1440 1439 1477 -—-⁸
1460 1429 1584 1512 plenius

280 1530 490 1592 continentur.
516 1526 631 1592 Tamen
655 1527 826 1592 Heinricus
848 1528 952 1593 dictus
970 1528 1172 1608 Hotterman,
1195 1528 1422 1591 Heinricusde
1439 1527 1585 1605 Gebesee,

281 1624 450 1689 Heinricus
470 1624 508 1691 de
521 1624 684 1691 Bechstete
700 1633 731 1690 et
742 1626 888 1690 Andreas
903 1625 1065 1703 deVarila,
1082 1628 1223 1708 magistri
1234 1626 1412 1704 consulum,
1427 1624 1584 1688 Iohannes

280 1720 440 1801 Rocstete,
467 1723 639 1787 Heinricus
665 1724 703 1787 de
728 1722 860 1806 Lepide,
890 1722 1067 1787 Fridericus
1096 1724 1199 1788 dictus
1225 1724 1346 1788 Guther
1375 1731 1405 1788 et
1425 1724 1583 1787 lohannes

281 1818 391 1897 Faber,
418 1827 553 1885 rectores
582 1822 809 1899 universitatis,
835 1820 1045 1885 Heidenrious
1064 1822 1102 1885 de
1122 1822 1282 1901 Tenstete,
1307 1820 1458 1886 hibertus
1480 1822 1583 1885 dictus

278 1917 455 2001 Swanring,
485 1918 643 1983 Iohannes
675 1920 713 1983 de
744 1917 927 1997 Drivordia,
958 1918 1121 1984 Gonradus
1153 1920 1191 1983 de
1220 1919 1311 1999 lene,
1352 1918 1518 1983 Bertoldus
1544 1921 1583 1983 de

279 2016 516 2095 Acamansdorf,
536 2016 707 2080 Heinricus
724 2018 826 2081 dictus
838 2016 1010 2097 Kirsiache,
1029 2017 1200 2082 Heinricus
1211 2017 1363 2096 Schobilz,
1373 2018 1582 2082 Theodericus

277 2112 315 2175 de
335 2110 597 2195 Herversleybin,
627 2114 785 2178 Iohannes
814 2115 852 2179 de
874 2116 1061 2196 Grnnstete,
1087 2116 1258 2180 Heinricus
1288 2116 1391 2180 dictus
1412 2116 1582 2191 Strutwolf,

277 2208 463 2275 Ludewicns
484 2211 587 2275 dietus
609 2211 747 2295 Spenge,
769 2212 933 2276 Corradus
955 2213 1058 2276 dictus
1080 2212 1237 2278 Rodestok
1260 2261 1284 2276 ..
1305 2214 1376 2297 phul
1386 2216 1408 2294 i,
1430 2214 1581 2279 Albertus

276 2306 314 2370 de
335 2306 540 2385 Sunneborn,
562 2308 725 2373 Conradus
748 2310 787 2373 de
810 2310 910 2391 Seyn,
931 2311 1081 2375 hibertus
1103 2311 1141 2375 de
1161 2310 1281 2375 Remde
1303 2312 1380 2376 alias
1401 2312 1505 2376 dictus
1526 2314 1582 2376 der

276 2402 369 2486 lange
388 2402 514 2482 lower,
543 2404 727 2470 Guntherus
753 2407 792 2469 de
812 2406 940 2488 Smyre,
967 2408 1151 2472 Guntherus
1178 2409 1216 2471 de
1237 2408 1464 2490 Dannenrode,
1492 2410 1580 2474 Gun-

274 2500 383 2565 therus
404 2501 506 2565 dictus
528 2501 611 2581 Boh,
632 2502 837 2568 Hermannus
858 2511 889 2568 et
910 2504 1081 2569 Heinricus
1102 2506 1176 2568 dicti
1195 2506 1233 2569 de
1255 2507 1344 2587 Aloh,
1363 2508 1521 2571 Iohannes
1541 2508 1580 2571 de

275 2597 361 2677 lene,
391 2598 563 2664 Heinricus
598 2602 701 2665 dietus
728 2600 901 2681 Rodestok,
931 2602 1141 2668 Theodericus
1170 2602 1313 2682 Martini,
1345 2604 1511 2670 Conradus
1541 2604 1579 2670 de

276 2694 495 2780 Nuwenburg,
522 2696 696 2763 Heinricus
718 2699 756 2762 de
777 2699 894 2777 Gotho,
921 2700 1093 2764 Heinricus
1114 2702 1217 2766 dictus
1238 2702 1463 2781 Knobelonoh,
1481 2702 1579 2768 Theo-

275 2792 399 2856 dericus
420 2794 585 2875 deVariIa,
608 2794 792 2860 Guntherus
811 2798 913 2861 dictus
928 2796 1091 2874 Rabenolt,
1114 2800 1298 2865 Gotscalcus
1316 2803 1419 2865 dictus
1436 2800 1578 2879 Lubelin,

272 2888 480 2955 Theodericus
501 2892 604 2957 dictus
621 2893 728 2972 Faber,
748 2894 929 2959 Waltherus
950 2896 988 2959 de
1003 2896 1188 2980 Utensberg,
1209 2897 1365 2978 Syffridus
1382 2898 1578 2979 deSarborn,

274 2986 429 3053 Iohannes
457 2991 495 3053 de
521 2988 673 3069 Dozdorf,
705 2992 901 3057 Wernherus
928 2994 967 3057 de
994 2992 1157 3075 Arnstete,
1186 2996 1344 3060 Iohannes
1373 2996 1412 3059 de
1437 2994 1577 3075 Kollede,

272 3084 460 3171 Hartungus
481 3087 735 3169 deSmydestete,
757 3088 920 3155 Conradus
941 3098 972 3155 et
982 3090 1150 3157 Bertoldus
1171 3093 1373 3171 deGuthern,
1392 3092 1577 3158 Gnntherus

272 3184 309 3245 de
340 3182 523 3264 Drirordia,
552 3186 761 3251 Theodericus
794 3191 862 3252 eius
892 3190 1004 3266 frater,
1035 3190 1223 3275 Hartungns
1251 3193 1355 3255 dictus
1380 3192 1578 3268 Hotterman,

273 3280 468 3346 Wernhorus
489 3283 528 3346 de
549 3283 738 3367 Meldingen,
760 3285 931 3351 Heinricus
953 3289 991 3352 de
1012 3289 1176 3353 Bechstete
1197 3297 1228 3353 et
1244 3289 1408 3354 Conradns
1428 3289 1466 3354 de
1476 3288 1577 3354 Boch-

271 3384 363 3457 stete,
391 3378 574 3445 Guntherus
599 3383 637 3445 de
659 3383 771 3464 Smyre
792 3386 930 3461 institor,
958 3384 1163 3450 Hermannus
1184 3388 1222 3451 de
1244 3387 1374 3469 Smyre,
1401 3386 1516 3452 Petrus
1538 3388 1576 3453 de

272 3474 463 3551 Libenstete‚
492 3478 664 3544 Heinricus
694 3482 732 3544 de
764 3482 942 3559 Munhelde,
967 3482 1176 3547 Theodericus
1205 3484 1243 3548 de
1267 3484 1454 3562 Bottilstete,
1475 3484 1575 3550 Eche-

272 3574 387 3637 hardus
408 3576 446 3639 de
468 3576 702 3661 Byehelingen,
731 3578 902 3644 Heinricus
924 3581 962 3644 dc
983 3580 1127 3645 Dalheim
1152 3582 1255 3646 dictus
1275 3580 1481 3666 Meyenberg,
1498 3582 1576 3647 Ber·

271 3671 375 3735 toldus
396 3673 434 3736 de
456 3672 585 3739 Kollede
607 3684 709 3755 sutor,
731 3678 875 3741 Andreas
896 3679 934 3743 de
955 3678 1103 3755 Kollede,
1122 3678 1294 3744 Heinricus
1316 3680 1354 3744 de
1365 3680 1574 3761 Wylierstete,

248 3769 405 3840 ¹(terboto
440 3771 544 3836 dictus
577 3773 733 3855 Schobiln,
769 3774 940 3840 Heinricus
976 3777 1078 3841 dictus
1112 3776 1241 3859 Stange,
1276 3778 1435 3842 Iohannes
1471 3779 1574 3844 dictus

269 3865 470 3947 Emmechin,
492 3868 655 3935 Conradus
677 3874 715 3936 de
736 3873 993 3952 Trankinhusen,
1019 3875 1137 3957 Sybota
1158 3876 1196 3937 de
1214 3875 1372 3959 Steiberg,
1396 3875 1574 3940 Friden'cus

270 3964 512 4046 vicedominus,
538 3968 695 4034 Iohannes
717 3972 755 4035 de
777 3972 1021 4056 Phephilbeohe,
1048 3972 1213 4036 Conradus
1234 3974 1272 4036 de
1295 3972 1573 4058 Echehartsberge,

269 4061 441 4126 Heinricus
460 4064 563 4129 dictus
585 4067 623 4130 de
645 4067 866 4151 Kirspeleybin
889 4076 919 4133 et
940 4070 1035 4133 frater
1057 4069 1332 4150 eiusGuntherus,
1353 4072 1511 4136 Iohannes
1533 4074 1572 4135 de

271 4159 426 4241 Butstete,
445 4160 616 4228 Heinricus
637 4165 675 4230 de
702 4166 886 4250 Martpeche,
908 4168 1064 4231 Iohannes
1085 4168 1123 4231 de
1143 4167 1400 4250 Herversleybin,
1420 4168 1571 4232 Nicotaus

268 4257 306 4321 de
321 4256 493 4339 Wysense,
519 4259 689 4328 Heinricus
711 4265 748 4327 de
762 4264 1024 4329 Walthershusen
1045 4267 1157 4349 pistor,
1178 4266 1339 4347 Nycolaus
1361 4266 1399 4330 de
1415 4266 1571 4347 Wysense

267 4356 367 4435 cerdo,
382 4356 590 4423 Theodericus
611 4361 649 4424 de
662 4360 934 4442 Waithershusen,
949 4362 1156 4428 Hermannus
1170 4366 1207 4428 de
1217 4363 1339 4445 Wyda,
1359 4364 1570 4446 Reynhardus

267 4452 305 4516 de
323 4456 482 4533 hrnstete,
504 4455 714 4538 Reynhardus
736 4461 774 4523 de
792 4461 1076 4543 Albrechtsleybin,
1100 4463 1186 4525 Echo
1202 4464 1240 4525 de
1261 4462 1422 4541 Somerde,
1444 4462 1569 4526 Utricus

266 4551 305 4617 de
335 4550 508 4641 Totiletete,
546 4554 751 4625 Hermannus
783 4558 886 4628 dictus
918 4558 985 4627 Bet
1019 4561 1057 4628 dc
1090 4560 1287 4643 Brantbach,
1318 4560 1501 4627 Gunuerus
1531 4560 1569 4629 de
