3525 5209
465 416 697 475 Urlrundenbucb
715 418 764 473 der
781 416 866 473 Stadt
882 418 990 473 Errare
1026 418 1067 477 Il.
1084 416 1171 477 meir.
1419 420 1474 475 220

165 602 280 684 1348.
307 604 477 685 ianuar
501 604 540 685 b.
568 602 731 707 Speler.
1298 599 1300 604 ’
1375 606 1471 692 280.

264 748 354 815 Karl
380 750 402 813 1
408 748 453 825 V,
474 749 640 813 rdrniseber
676 748 793 829 Kiiuiqr,
823 750 965 830 bosmiqt
991 750 1043 813 die
1074 748 1265 831 Priuilopieu
1292 751 1350 816 der
1381 751 1474 819 &aar

263 846 382 927 Erfurl
401 848 471 913 uad
489 847 601 922 uimml
620 846 749 911 dicselbe
770 848 803 909 iu
824 847 930 911 seuseu
951 846 1073 913 suala
1213 873 1217 879 ·
1270 894 1273 899 -
1303 891 1305 896 -

167 1016 169 1023 ·
274 1014 276 1019 ·
314 963 537 1091 trusa
552 964 862 1091 qqffisapqq.

245 1156 400 1237 Karolus,
431 1156 488 1223 Dei
520 1160 621 1241 gratia
645 1158 860 1223 Romanorum
887 1177 944 1223 rex
972 1176 1096 1241 semper
1114 1163 1272 1240 angustus
1292 1162 1325 1222 et
1341 1158 1474 1223 Boemie

162 1274 230 1333 rex,
250 1256 410 1321 universis
430 1258 510 1321 sacri
531 1258 655 1341 imperii
671 1256 818 1321 fidelibus
835 1262 998 1339 presentes
1012 1256 1118 1319 literas
1133 1257 1323 1339 inspecturis
1337 1258 1471 1339 gretiam

163 1374 257 1417 suam
278 1360 309 1419 et
329 1374 424 1421 omne
451 1356 581 1421 bonum.
624 1353 735 1419 Virtus
769 1356 869 1419 nosui
894 1354 1071 1433 augustalis
1098 1354 1247 1417 culminis
1273 1355 1379 1437 girum
1399 1354 1475 1420 aule

164 1470 222 1515 sue
243 1454 433 1535 specialibus
458 1455 652 1518 ornamentis
677 1458 708 1517 et
732 1452 900 1517 decoribus
924 1452 1062 1535 amplius
1087 1451 1249 1515 illuminat
1270 1457 1302 1515 et
1321 1452 1472 1517 monum

166 1549 238 1613 solii
259 1551 310 1614 sui
330 1552 425 1617 altius
446 1553 559 1627 elevat,
576 1570 649 1615 eum
678 1548 883 1632 petitionibus
913 1566 1046 1611 suorum
1065 1546 1208 1612 fidelium
1230 1568 1267 1612 ac
1287 1549 1472 1615 devotorum

165 1666 199 1711 se
220 1666 277 1731 per
297 1651 511 1715 exauditionis
532 1650 760 1715 oblectamenta
780 1652 811 1711 et
836 1646 1073 1732 propiciationis
1101 1648 1234 1729 gratiam
1266 1647 1356 1711 offert
1381 1650 1474 1713 iuxta

164 1763 275 1810 eorum
292 1753 371 1827 ,vota
397 1748 577 1813 benivolam
606 1754 637 1812 et
663 1750 812 1831 paratam.
855 1742 969 1809 Nostis
996 1744 1095 1827 igitur
1121 1746 1281 1811 serenitati
1297 1746 1473 1829 prudentes

162 1844 223 1915 vifi
249 1847 394 1928 magistri
415 1846 593 1925 consulum,
614 1844 761 1909 consuas
782 1847 814 1907 et
835 1843 977 1907 universi
1002 1842 1089 1905 eires
1116 1842 1253 1907 civitatis
1273 1842 1475 1910 Erfurdensis

162 1960 236 2005 cum
258 1942 360 2007 multa
381 1963 509 2027 precum
526 1943 677 2008 instantia
698 1947 729 2007 et
743 1946 871 2023 rogatus
885 1940 1053 2003 conamine
1068 1939 1232 2005 humiliter
1247 1942 1474 2026 supplicarunt,

163 2044 322 2122 quatenus
342 2042 500 2107 civitatem
518 2040 738 2105 llrfordensem
754 2038 933 2105 iamdictam
955 2047 1080 2103 necnon
1095 2040 1262 2103 universos
1282 2046 1314 2104 et
1330 2042 1475 2125 singulos

162 2139 249 2202 eires
275 2145 305 2203 ct
325 2140 446 2204 incolas
466 2141 603 2203 civitatis
622 2138 763 2202 eiusdem
785 2156 858 2201 curu
880 2135 1030 2199 omnibus
1050 2136 1189 2219 ipsorum
1209 2139 1473 2221 possessionibus,

162 2238 254 2300 terris
291 2237 448 2322 bonisque
480 2236 652 2303 mobilibus
682 2242 713 2301 et
742 2234 960 2299 immobilibus
986 2234 1159 2314 universis,
1187 2256 1251 2319 que
1281 2238 1316 2301 in
1346 2238 1473 2303 civitate

163 2334 302 2416 predicta
329 2336 379 2400 vel
410 2342 499 2401 extre
523 2335 710 2418 ubicunque
738 2332 922 2411 habuerint,
949 2330 1143 2406 sub'nostra
1167 2337 1199 2397 et
1226 2336 1306 2398 sacri
1336 2334 1473 2401 Romani

162 2432 287 2515 imperii
317 2434 521 2517 protectione,
552 2432 742 2510 defensione,
771 2430 879 2495 farore
910 2448 947 2493 ao
976 2430 1077 2513 mutia
1108 2431 1297 2515 specialibus
1318 2434 1472 2517 recipere,

162 2529 319 2615 ipsisque,
344 2542 379 2595 ut
399 2532 521 2609 nullus,
548 2531 770 2611 cuiuscunque
791 2532 893 2593 status
911 2546 967 2591 seu
990 2526 1179 2593 conditionis
1198 2530 1322 2609 existat,
1342 2531 1471 2596 eosdem

163 2628 211 2693 vel
243 2629 381 2713 aliquem
415 2632 555 2713 ipsorum
593 2638 711 2712 capere,
739 2627 964 2710 impignerare,
993 2630 1162 2705 amestare,
1187 2625 1394 2692 turbare‘seu
1414 2630 1471 2693 ali·

163 2728 299 2809 qualiter
319 2728 485 2793 molestare
505 2731 680 2809 presumat,
704 2724 879 2807 indulgere,
900 2724 1006 2787 omnia
1026 2743 1155 2807 quoque
1175 2729 1207 2787 et
1227 2725 1355 2808 singula
1373 2728 1473 2811 privi-

161 2824 253 2908 legia,
271 2824 439 2905 libertates,
458 2826 584 2910 gratias
604 2824 832 2902 concessiones,
852 2822 1098 2888 consuetudines
1115 2826 1212 2905 atque
1226 2824 1297 2887 iura
1309 2824 1349 2887 ab
1362 2824 1472 2891 inclite

163 2924 387 2989 reeordationis
424 2922 666 3007 imperatoribus
701 2927 749 2985 et¹
771 2918 901 3003 regibus
938 2917 1090 2984 Romanis
1123 2919 1315 3001 illustribus,
1352 2925 1470 2987 nostris

162 3021 449 3103 predecessoribus,
476 3022 554 3105 ipsis
586 3020 712 3095 tradita,
740 3018 863 3083 indulta
889 3018 1060 3100 gratiosius
1086 3023 1119 3083 et
1143 3036 1294 3082 concessa
1318 3019 1359 3083 de
1379 3020 1471 3085 solita

162 3124 270 3183 nostra
291 3120 457 3183 clementia
468 3116 640 3201 approbare
651 3136 688 3181 ac
697 3118 796 3181 eciam
808 3114 1047 3179 benivolencius
1058 3114 1247 3180 confirmare
1257 3116 1469 3200 dignaremur.

162 3216 228 3281 Nos
265 3218 366 3300 igitur
401 3216 649 3291 considerantes,
686 3213 771 3297 quod
815 3212 990 3277 infallibilis
1024 3212 1117 3290 fides,
1155 3213 1279 3277 devotio
1311 3222 1469 3296 constans,

162 3314 389 3399 obsequiorum
418 3313 634 3397 promptitudo
664 3314 695 3376 et
724 3310 913 3389 obedientia,
949 3310 1069 3393 quibus
1106 3310 1250 3393 prelibati
1280 3313 1368 3376 cives
1394 3333 1470 3395 erga

163 3432 289 3479 sacrum
299 3411 480 3477 Romanum
494 3411 664 3494 imperium
676 3428 799 3492 semper
808 3407 1009 3473 laudabiliter
1023 3409 1215 3489 claruerunt,
1225 3410 1470 3493 supplicationes

161 3510 343 3574 huiusmodi
365 3514 526 3593 tamquam
549 3508 723 3591 condignas
743 3506 880 3571 reddunt
906 3506 1133 3572 rationabiliter
1161 3508 1379 3572 admittendas.
1422 3510 1469 3573 Ea

162 3612 288 3691 propter
315 3612 506 3673 memoratos
537 3610 623 3671 cives
649 3625 686 3671 ac
713 3604 835 3669 incolas
859 3604 942 3671 dicte
968 3605 1103 3669 civitatis
1130 3611 1162 3669 et
1184 3607 1286 3687 ipsam
1309 3606 1466 3671 civitatem

161 3704 381 3769 Erfurdeusem
401 3724 474 3769 cum
497 3704 646 3770 omnibus
663 3704 731 3769 suis
753 3701 847 3767 bonis
868 3701 1048 3767 mobilibus.
1065 3708 1096 3767 et
1119 3703 1350 3781 immobilibus,
1371 3708 1469 3770 terris

162 3810 192 3867 et
226 3802 480 3887 possessionibus
516 3802 702 3885 ubicunque
738 3801 933 3881 constitutis,
969 3819 1031 3883 qne
1067 3805 1131 3863 um
1166 3801 1200 3863 in
1238 3802 1308 3883 ipsa
1343 3803 1468 3867 civitate

161 3900 358 3978 Eriordensi,
380 3920 475 3983 quam
498 3905 589 3965 exue
611 3901 644 3963 iu
667 3900 805 3983 presenti
827 3897 945 3963 habent
964 3898 1016 3961 rel
1036 3898 1206 3962 habuerint
1223 3898 1259 3961 in
1278 3898 1386 3963 futuro
1406 3900 1468 3965 sub

161 4005 269 4063 nostra
296 4004 328 4061 et
354 4000 434 4061 sacri
455 3998 589 4063 Romani
617 3998 741 4081 imperii
762 3997 963 4079 protectione,
984 3995 1173 4075 defensione,
1192 3995 1300 4060 farore
1319 4003 1351 4060 et
1367 4000 1469 4081 gralia

161 4095 351 4181 specialibus
378 4098 555 4180 recepimus
576 4102 606 4159 et
625 4096 796 4177 recipimus
816 4095 851 4157 in
872 4094 936 4161 biis
956 4095 1093 4175 scriptis,
1119 4095 1261 4177 ipsisque
1281 4094 1320 4158 de
1340 4096 1467 4178 speciali

159 4196 260 4275 gratia
280 4194 484 4258 concedimus
504 4200 535 4258 et
555 4214 596 4258 ex
615 4199 721 4258 nostre
746 4194 919 4257 maiestatis
939 4191 1105 4255 clementia
1131 4191 1344 4257 favorabiliter
1363 4193 1467 4258 indul.

159 4284 286 4377 gemus,
316 4310 441 4356 necnon
471 4294 503 4355 in
526 4296 584 4356 bac
609 4297 697 4377 parte
721 4293 808 4375 ipsos
831 4290 1069 4374 privilegiamus
1091 4290 1275 4374 specialiter,
1295 4296 1333 4354 ut
1356 4292 1468 4355 nullus

159 4393 313 4475 princeps,
333 4410 448 4471 comes,
467 4390 550 4469 baro,
571 4390 794 4463 ministerialis,
823 4388 915 4453 miles
934 4408 991 4452 seu
1011 4390 1239 4472 cuiuscunque
1256 4386 1339 4452 alins
1358 4389 1467 4452 condi·

159 4492 256 4554 tionis
277 4491 400 4570 existat,
418 4490 504 4575 ipsos
525 4494 581 4553 aut
599 4490 741 4572 ipsorum
763 4487 902 4569 aliquem
923 4506 1042 4570 capere,
1063 4488 1282 4569 impignerare,
1303 4493 1467 4566 arrestata,

161 4606 322 4675 occupare,
343 4587 527 4675 perturbare
542 4586 645 4654 valeat
658 4587 714 4651 aut
728 4588 898 4672 presumat,
919 4604 975 4651 ssu
994 4586 1072 4651 alias
1086 4586 1118 4651 in
1140 4586 1283 4672 personis
1295 4590 1351 4658 aut
1368 4584 1465 4653 rebus
