3525 5209
469 409 696 465 Urlrundenbuch
715 410 764 464 der
783 408 866 465 Stadt
883 411 990 465 Erfurt.
1026 411 1064 468 II.
1079 410 1166 466 Theil.
1437 410 1469 465 21

154 560 281 623 fuerint
299 562 368 623 sine
389 562 654 641 contradictione,
674 561 734 624 sibi
753 561 910 647 premissa
926 580 1089 625 assumere
1109 560 1317 639 tenebuntur;
1337 582 1472 644 quarum

155 659 184 721 si
210 658 351 739 aliquam
373 660 454 721 mori
475 660 654 743 contigerit,
691 664 767 721 tuno
788 657 847 731 illi,
881 660 938 739 qui
960 659 1052 723 talem
1074 660 1249 738 elegerant,
1276 659 1370 722 aliam
1391 659 1473 721 iufra

155 762 231 818 octe
265 755 333 818 dies
359 754 474 819 debent
505 756 619 839 eligere
647 757 713 819 loco
740 757 799 819 sui.
845 756 877 819 Si
905 774 979 819 vero
1008 756 1115 839 aliqua
1139 776 1250 819 earum
1277 758 1362 821 iusto
1391 762 1475 820 esset

155 852 389 935 impedimento
410 852 543 929 detenta,
564 872 743 936 superque
767 851 859 916 debet
880 852 953 915 {idei
976 872 1034 917 sue
1054 854 1150 933 credi,
1170 855 1242 917 talis
1264 854 1318 917 alii
1338 873 1379 917 ex
1400 855 1474 933 illis,

155 950 201 1013 de
228 950 348 1032 quibus
375 950 474 1013 electa
502 952 621 1029 furerat,
652 950 786 1013 durante
812 950 865 1013 teli
891 950 1132 1033 impedimento,
1160 954 1259 1034 pessit
1278 954 1473 1015 committere

158 1049 248 1111 vices
271 1068 365 1124 suas,
386 1053 417 1111 et
437 1048 490 1111 cui
511 1050 705 1113 commiserit
725 1048 794 1111 sine
814 1048 1061 1111 contradictione
1080 1048 1188 1130 eliqua
1211 1048 1391 1133 acceptabit.
1432 1049 1473 1113 ut

159 1145 258 1209 debet
286 1144 420 1228 qrrilibet
450 1145 655 1228 plebanorum
681 1145 892 1227 predictorum
914 1145 1018 1209 taliter
1037 1147 1216 1227 providere,
1241 1148 1325 1230 quod
1347 1148 1381 1210 iu
1403 1149 1472 1211 eius

155 1243 306 1307 absentia
327 1264 407 1308 suus
428 1245 564 1307 vicarius
585 1244 645 1307 ista
666 1248 776 1306 servet.
820 1242 856 1305 ln
879 1243 966 1305 omni
989 1262 1116 1327 quoque
1136 1264 1221 1322 casu,
1247 1244 1302 1308 ubi
1324 1246 1472 1327 predictis

156 1340 265 1405 tribus
286 1343 429 1424 personis
450 1342 564 1405 tradita
584 1346 632 1405 est
653 1346 804 1423 potestas,
825 1342 851 1403 si
873 1360 984 1405 omnes
1004 1348 1068 1404 tres
1089 1342 1279 1406 concordare
1298 1349 1472 1427 nequeunt,

157 1440 309 1502 sufficere
337 1438 441 1517 debet,
472 1439 556 1521 quod
589 1439 691 1501 media
720 1456 853 1521 persona
873 1438 981 1501 fecerit
1007 1458 1063 1501 seu
1086 1439 1258 1503 decreverit
1278 1460 1352 1503 oum
1375 1442 1472 1505 altera

157 1538 344 1601 earundem.
382 1536 432 1599 Ad
453 1538 547 1599 istam
569 1541 708 1599 nostram
731 1535 961 1598 ordinationem
982 1535 1061 1599 alios
1080 1539 1249 1601 canonicos
1269 1542 1301 1601 et
1321 1538 1471 1621 plebanos

158 1635 301 1716 recipere
327 1634 430 1697 adhuc
458 1653 643 1717 pessumire,
670 1634 752 1697 sieut
777 1631 869 1695 nobis
896 1635 1107 1697 communiter
1127 1635 1176 1698 vel
1198 1636 1309 1699 maiori
1330 1638 1410 1719 parti
1429 1657 1470 1700 ex

159 1732 255 1795 nobis
286 1733 438 1815 placuerit
472 1739 503 1797 et
533 1732 637 1795 visum
670 1731 765 1793 fuerit
802 1730 964 1812 expedire,
993 1732 1026 1793 in
1062 1731 1120 1794 hoc
1146 1734 1209 1797 iam
1235 1734 1469 1808 concordantes,

158 1830 247 1913 quod
280 1828 474 1893 honorabilis
507 1830 556 1892 vir
586 1828 736 1891 domiuus
761 1827 935 1906 lohannes,
964 1830 1141 1911 prepositus
1173 1838 1279 1895 noster
1297 1831 1427 1895 ecclesie
1445 1854 1470 1896 s.

158 1928 261 1991 llario
294 1928 444 2009 predicte,
471 1928 506 1989 in
537 1932 644 1989 nostra
672 1924 868 1989 ordinatione
900 1926 1120 2005 huiusmodi,
1145 1929 1172 1989 si
1194 1928 1341 2003 voluerit,
1372 1931 1471 2012 possit

157 2045 239 2089 esse.
294 2024 355 2088 Per
385 2025 538 2107 premissa
567 2028 671 2087 tamen
700 2044 719 2087 a
746 2025 841 2107 priori
869 2024 1009 2106 generali
1043 2025 1159 2087 unione
1185 2026 1258 2087 cleri
1287 2026 1364 2090 alias
1388 2028 1471 2091 facta

159 2124 307 2188 recedere
337 2122 515 2205 aliqualiter
536 2141 598 2185 non
620 2120 833 2200 intendimus,
854 2120 910 2185 sed
930 2121 976 2183 illi
997 2121 1146 2185 volumus
1166 2122 1299 2187 firmiter
1318 2126 1468 2190 inherere.

161 2222 205 2286 Ut
226 2228 334 2286 autem
356 2220 502 2303 predicta,
524 2221 607 2283 sicut
627 2218 771 2282 ordinata
792 2226 823 2281 et
844 2220 1022 2301 conscripta
1039 2226 1115 2283 sunt
1134 2242 1154 2283 a
1169 2219 1267 2299 nobis
1288 2225 1376 2285 omni
1397 2224 1468 2287 dolo

158 2328 191 2384 et
224 2318 336 2383 iraude
363 2318 515 2391 exclusis,
540 2316 764 2381 inviolabiliter
784 2316 1009 2396 observentur,
1043 2324 1073 2380 et
1095 2317 1179 2399 quod
1201 2338 1295 2382 nemo
1315 2339 1357 2384 ex
1377 2322 1469 2385 nobis

158 2423 272 2481 centra
286 2418 354 2499 ipsa
367 2416 514 2480 veniendi
530 2415 726 2479 occasionem
742 2414 882 2496 aliquam
904 2414 1018 2477 habeat
1037 2416 1104 2479 sive
1121 2435 1259 2493 causam,
1279 2437 1337 2481 nos
1356 2439 1467 2483 omnes

158 2522 191 2580 et
221 2514 340 2598 singuli
361 2515 399 2578 ad
419 2520 527 2577 saneta
547 2510 605 2575 Dei
627 2512 798 2595 euangelia
816 2530 871 2594 per
889 2532 948 2575 nos
970 2513 1171 2596 corporaliter
1190 2519 1272 2577 tacta
1291 2534 1329 2578 ea
1348 2518 1466 2581 iuravi·

161 2634 235 2677 mus
261 2612 395 2677 fideliter
425 2610 600 2675 observare.
641 2609 683 2672 Et
711 2610 745 2672 iu
770 2610 987 2673 testimonium
1013 2611 1110 2673 huius
1130 2612 1199 2693 ipsa
1219 2614 1374 2677 conscribi
1393 2616 1464 2679 feci·

160 2732 235 2775 mus
258 2716 289 2773 et
320 2716 500 2773 nostrorum
515 2716 517 2721 ’
533 2707 708 2789 sigillorum
743 2708 935 2789 appensione
966 2709 1095 2772 muniri.
1147 2711 1265 2773 Actum
1297 2716 1328 2775 et
1356 2714 1466 2777 datum

159 2830 246 2873 anno
268 2807 410 2871 Domini,
452 2806 484 2869 M
498 2855 504 2868 .
518 2803 1043 2883 ooo.xxl111.‚1V.N0n.1unii.

160 3029 276 3111 1324.
304 3026 412 3109 luni
436 3026 497 3109 22.
1397 3030 1466 3113 30.

263 3180 444 3259 Enniana,
473 3180 559 3261 Grai
587 3200 645 3243 verr
674 3178 836 3253 Gletmen,
871 3179 1056 3260 uerpsdudot
1081 3180 1134 3241 der
1161 3180 1255 3245 sacr
1274 3180 1392 3262 Erfurl
1415 3184 1468 3247 die

265 3278 456 3360 Grnlsclraft
479 3278 652 3343 Vteseloara
677 3276 830 3341 αὸθντηαὶε
856 3277 913 3357 fiir
934 3278 1052 3341 weltere
1071 3281 1138 3341 100
1160 3276 1260 3341 Maris
1280 3278 1394 3358 suen,
1421 3302 1468 3345 so-

264 3377 340 3439 dnss
358 3376 410 3439 die
430 3377 553 3457 durant
571 3374 725 3456 celielmue
743 3375 870 3439 Summe
888 3375 961 3454 jetat
982 3378 1047 3439 410
1068 3374 1168 3439 Morl·
1189 3375 1315 3456 bardai.

316 3494 361 3548 Or.
379 3494 429 3548 mil
448 3494 475 3547 S.
494 3493 531 3547 im
549 3492 613 3561 qu.
624 3494 662 3550 St.
671 3492 706 3547 A.
724 3508 760 3545 su
780 3490 820 3545 Μ.

313 3562 409 3630 Hdser,
432 3562 564 3617 Auswadl
582 3563 598 3617 l.
609 3580 629 3617 c.
648 3562 699 3615 Nr.
711 3565 753 3615 91.

265 3690 336 3753 Wie
368 3710 431 3753 von
452 3690 547 3753 Gotes
578 3691 701 3772 gnaden
732 3708 827 3771 greve
858 3686 1000 3751 Hermen
1033 3709 1094 3752 von
1124 3690 1267 3771 Glychen
1301 3692 1466 3756 belrennen

161 3788 353 3853 ullenlichen
381 3808 420 3850 au
442 3787 568 3851 deseme
588 3787 849 3870 legonwerdigen
873 3786 960 3850 brive
982 3788 1067 3851 unde
1088 3793 1146 3851 tun
1167 3789 1249 3853 liunt
1269 3790 1350 3853 allen
1372 3790 1469 3868 luten,

161 3888 212 3950 die
233 3905 273 3949 en
296 3886 390 3949 seben
413 3885 489 3949 oder
509 3885 606 3948 horon
629 3884 730 3963 lesen,
750 3884 807 3946 daz
830 3886 889 3945 wir
909 3903 1098 3947 vorseczzen
1122 3886 1207 3949 unde
1227 3886 1323 3950 habin
1344 3895 1470 3951 vorsazt

161 4006 202 4048 au
229 4004 323 4064 eyme
348 3984 469 4047 rechtin
496 3982 609 4065 plaude
635 3982 695 4045 den
721 3981 833 4045 erberu
863 3981 1001 4064 burgeru
1030 3983 1116 4046 unde
1142 3982 1198 4047 der
1216 3986 1393 4067 gemeynde
1414 3986 1471 4049 der

162 4090 224 4145 stat
254 4102 295 4144 zu
316 4081 439 4145 liriorte
467 4101 526 4143 vor
552 4080 684 4143 hundirt
711 4080 800 4143 mark
828 4080 941 4162 lotiges
967 4079 1087 4159 silbirs,
1110 4082 1162 4145 die
1184 4103 1245 4145 uns
1265 4084 1469 4165 genczliclren

160 4180 274 4263 geleist
295 4179 381 4243 unde
401 4177 563 4261 vorgoldin
585 4180 664 4254 sint,
691 4178 747 4241 daz
771 4178 830 4241 hus
847 4198 902 4244 ⁴zu
918 4177 1112 4258 Visilbeclre,
1143 4180 1194 4243 die
1214 4182 1385 4262 graschaft,
1411 4182 1469 4245 daz

160 4278 302 4362 geriehto
323 4276 407 4339 unde
428 4277 485 4339 daz
507 4276 727 4359 halsgerichte,
748 4276 805 4338 daz
827 4276 867 4339 da
888 4296 929 4339 zu
949 4276 1075 4357 gehort,
1095 4279 1154 4341 mit
1173 4277 1322 4341 idnfczen
1344 4280 1469 4343 dorleru

162 4377 221 4439 mit
240 4375 380 4457 gerichte
401 4374 486 4437 unde
506 4375 564 4437 mit
584 4373 791 4455 halsgerichte
812 4372 899 4437 unde
919 4374 978 4435 mit
998 4372 1058 4437 alle
1078 4374 1184 4449 deme,
1215 4377 1273 4439 daz
1293 4377 1334 4439 da
1356 4396 1397 4440 zu
1416 4396 1471 4459 ge

161 4474 252 4537 heret
280 4472 421 4535 mitella
447 4472 538 4535 demo
562 4478 652 4554 gute,
680 4472 738 4534 mit
763 4471 823 4535 alle
853 4470 944 4533 deme
971 4490 1092 4535 nuczze
1112 4473 1198 4537 unde
1219 4476 1277 4541 mit
1297 4473 1358 4537 alle
1379 4475 1470 4537 dame

161 4572 284 4651 rechte,
310 4571 368 4633 daz
395 4570 452 4633 dar
476 4590 517 4632 zu
542 4570 687 4653 geheret,
714 4570 746 4631 in
778 4568 838 4632 alle
864 4568 921 4631 der
945 4569 1130 4653 ordenunge
1157 4570 1242 4635 unde
1267 4574 1302 4634 in
1328 4565 1388 4635 alle
1415 4572 1471 4635 der
