3525 5209
465 392 696 449 Urkundenbuoh
715 392 764 447 der
782 389 865 447 stada
882 389 987 448 Erfurt.
1025 389 1064 447 Π,
1076 388 1163 445 Theil.
1434 391 1469 444 63

154 545 320 623 exhibent
341 546 531 608 ammorisse
546 552 577 609 et
598 564 748 629 personas
769 544 847 607 alias
867 543 1044 625 prophanas
1065 546 1096 605 et
1118 544 1238 604 notorie
1251 544 1469 604 excommuni-

152 649 245 707 catas
276 644 453 706 instituisse
481 643 519 705 de
540 642 620 707 facto
649 645 682 707 in
710 642 787 719 illis,
815 648 852 703 ut
879 640 1054 723 predictum
1083 641 1330 703 ecclesiasticum
1351 639 1470 702 violent
1567 627 1573 639 ⁸

153 744 242 806 siout
263 749 294 804 et
315 741 434 804 violant
455 742 668 819 interdictum,
690 734 970 803 consencientibus
986 745 1017 800 et
1032 755 1125 818 opere
1140 743 1170 799 et
1183 755 1308 819 operam
1321 737 1469 800 dantibus

153 840 196 903 ad
218 841 373 922 premissa
395 886 427 899 ..
455 838 612 920 magistris
638 838 823 912 consulum,
846 888 852 899 .
873 884 878 895 .
900 834 1085 898 consulibus
1114 842 1145 897 et
1170 834 1344 897 rectoribus
1364 835 1469 899 Erfur-

153 936 313 1001 densibus
334 938 523 1010 memoratis,
545 943 575 999 et
597 936 673 1017 ipsis
694 934 899 999 audientibus
920 932 1124 1014 aprophanis
1140 936 1170 994 et
1185 936 1469 998 excommunicatis

151 1037 202 1099 sio
229 1036 362 1098 intrusis
383 1033 530 1117 predictis
551 1032 654 1097 officia
676 1034 857 1096 divinorum
879 1040 912 1095 et
931 1025 1171 1113 recipientibus,
1197 1030 1237 1093 ab
1258 1033 1368 1113 aisque
1388 1038 1468 1117 peri-

152 1132 266 1195 culose
296 1132 392 1195 iidem
424 1132 576 1214 prophani
605 1138 635 1195 et
660 1132 929 1195 excommunicati
953 1134 1144 1211 pertractant
1169 1134 1200 1191 et
1226 1130 1407 1194 ministrant
1435 1133 1467 1195 in

153 1234 226 1293 loco
248 1230 415 1293 interdicto
437 1229 647 1293 ecclesiastica
664 1236 868 1305 sacramenta
890 1230 923 1291 in
944 1229 1086 1310 ipsorum
1103 1232 1135 1289 et
1144 1228 1322 1290 animarum
1337 1250 1468 1294 suarum

155 1328 338 1391 maximum
371 1328 547 1409 periculum
580 1334 611 1390 et
641 1326 824 1390 scandalum
856 1326 1074 1409 plurimorum.
1127 1322 1193 1387 Nos
1223 1326 1322 1406 igitur
1349 1328 1468 1391 factum

156 1426 348 1489 huiusmodi
365 1432 428 1487 tarn
450 1426 660 1507 dampnosum
677 1432 708 1488 et
718 1426 932 1508 perniciosum
949 1423 1093 1506 exemplo
1105 1422 1305 1487 dissimulare
1317 1426 1469 1506 nolentes,

153 1542 196 1585 ne
217 1521 273 1585 alii
285 1521 400 1585 Christi
421 1521 529 1585 fideles
550 1543 605 1605 per
626 1524 683 1585 hoo
705 1530 835 1587 sumant
850 1522 1015 1585 audaciam
1037 1522 1069 1583 in
1086 1519 1245 1583 similibus
1255 1522 1468 1605 delinquendi,

153 1621 247 1682 vohis
279 1620 429 1683 omnibus
461 1627 491 1683 et
522 1620 657 1703 singulis
690 1621 724 1683 in
753 1622 869 1683 virtute
897 1625 1005 1682 sancte
1033 1617 1214 1681 obediencie
1243 1625 1273 1681 et
1299 1620 1359 1682 sub
1386 1640 1469 1704 pena

152 1719 376 1801 suspensionis
397 1718 435 1781 ab
456 1720 601 1801 ingressu
623 1720 768 1791 ecclesie,
792 1738 887 1801 quam
909 1719 943 1779 in
965 1736 1021 1779 ros
1042 1716 1188 1779 dominos
1210 1767 1236 1780 ..
1259 1718 1421 1801 episcopos
1439 1728 1469 1783 et

153 1815 333 1895 ..abbates
354 1823 386 1879 et
400 1818 748 1892 excommunicationis,
770 1836 865 1897 quam
882 1817 913 1876 iu
927 1834 982 1877 vos
999 1815 1084 1891 alios,
1106 1816 1202 1877 trium
1225 1815 1348 1878 dierum
1368 1820 1468 1880 moni-

153 1916 247 1976 cione
272 1915 436 1996 premissa,
460 1916 490 1975 in
515 1933 571 1977 ros
592 1919 623 1977 et
645 1914 818 1996 qrreurlibet
836 1918 978 1975 vestrum
994 1913 1178 1975 auctoritate
1200 1914 1382 1994 apostolica,
1405 1936 1468 1999 qua

151 2012 336 2093 fungimur,
363 2011 552 2093 proferimus
578 2013 612 2073 in
641 2009 701 2075 Dei
728 2014 857 2075 nomine
883 2013 915 2074 in
945 2011 1007 2073 hiis
1029 2013 1165 2093 scriptis,
1186 2013 1213 2073 si
1236 2014 1350 2076 nostris
1371 2014 1467 2077 infra-

154 2110 300 2191 scriptis,
325 2110 424 2171 immo
452 2111 557 2171 verius
577 2109 762 2192 apostolicis
784 2109 942 2173 mandatis
969 2128 1033 2170 non
1062 2110 1229 2191 parueritis
1249 2129 1321 2173 curn
1344 2111 1464 2176 effectu.

155 2206 300 2269 districto
326 2208 516 2289 precipimus
543 2214 574 2269 et
606 2208 807 2285 mandamus,
836 2214 995 2291 quatenus
1018 2206 1173 2289 predictos
1203 2209 1369 2289 magistros
1393 2230 1467 2273 con-

154 2303 276 2381 sulum,
297 2305 444 2367 consules
466 2312 496 2368 et
517 2310 652 2368 rectores
667 2304 883 2383 Erfurdenses,
905 2323 985 2387 quos
1006 2310 1037 2366 et
1058 2303 1232 2387 predictum
1243 2305 1465 2374 Hermannum

158 2403 281 2465 dictum
303 2402 342 2465 da
364 2401 497 2483 Bybera,
520 2404 575 2485 qui
597 2408 721 2485 propter
741 2402 966 2476 obedienciam,
988 2421 1085 2484 quam
1105 2404 1139 2464 iu
1161 2422 1258 2466 causa
1279 2409 1466 2488 provisionis

154 2500 296 2583 predicte
321 2500 420 2581 aliqui
451 2502 654 2563 ecclesiarum
677 2550 700 2562 ..
723 2500 849 2585 plebani
870 2506 901 2563 et
921 2500 1026 2563 clerici
1046 2500 1099 2562 alii
1120 2500 1241 2564 faciunt
1262 2510 1294 2566 et
1314 2504 1466 2589 fecerunt,

154 2597 330 2662 nonnullos
346 2617 386 2661 ex
403 2598 545 2682 plebanis
566 2605 596 2661 et
617 2598 738 2661 olorinis
759 2598 943 2661 huiusmodi
961 2618 1042 2661 ausu
1061 2598 1211 2681 sacrilego
1223 2602 1393 2680 captivavit
1408 2626 1466 2669 seu

155 2698 317 2780 captivare
334 2697 505 2773 mandarit,
521 2704 551 2759 et
568 2697 703 2759 detinuit
719 2704 749 2759 et
763 2696 880 2759 detinet
898 2715 955 2759 seu
970 2695 1100 2758 detineri
1116 2698 1279 2761 mandavit
1295 2706 1326 2762 et
1336 2704 1467 2766 mandat

154 2796 187 2857 iu
208 2792 348 2856 vinculis
366 2795 503 2875 graviter
521 2795 724 2876 mancipatos,
743 2795 861 2876 prefate
872 2795 1191 2857 excommunicationi
1203 2796 1333 2878 predicti
1346 2798 1464 2863 domini

154 2893 254 2954 nostri
282 2909 361 2974 pape
383 2892 545 2955 subiacere
567 2899 597 2955 et
617 2891 670 2953 illa
692 2911 745 2955 eos
767 2892 969 2973 singulariter
997 2901 1028 2955 et
1047 2891 1191 2974 singulos
1211 2893 1277 2956 fore
1301 2895 1412 2977 ligatos
1435 2907 1467 2961 et

152 2990 317 3052 civitatem
327 2988 550 3051 Erfordensem
573 3008 641 3052 osse
663 2992 855 3072 suppositam
877 2990 1087 3052 ecclesiastico
1106 2990 1283 3069 interdicto,
1303 3000 1334 3055 et
1354 3012 1465 3060 omnes

152 3096 182 3149 et
205 3086 350 3169 singulos
371 3087 548 3149 sacerdotes
570 3092 600 3149 et
621 3085 760 3157 clericos,
789 3088 844 3168 qui
866 3088 900 3149 in
922 3089 989 3150 suis
1011 3086 1122 3150 officiis
1144 3089 1278 3151 durante
1298 3091 1464 3157 interdicto

154 3183 339 3247 huiusmodi
366 3185 399 3245 in
426 3185 551 3247 civitate
576 3182 756 3247 Erfordensi
783 3185 964 3249 divinorum
991 3185 1104 3247 officiis
1133 3204 1166 3248 se
1191 3188 1394 3267 ingesserunt
1414 3193 1464 3255 vel

152 3284 306 3365 ingerunt
319 3283 352 3343 in
374 3281 531 3357 futurum,
552 3281 791 3363 irregularitatis
808 3281 921 3364 laqueo
939 3283 1110 3362 involutos,
1134 3304 1153 3345 a
1171 3303 1233 3365 qno
1248 3304 1312 3347 non
1332 3297 1465 3369 possunt

151 3382 231 3441 citra
247 3379 355 3442 sedern
374 3379 575 3461 apostolicam
600 3378 735 3457 liberari,
756 3381 789 3440 in
813 3382 926 3443 vestris
948 3381 1087 3460 synodis,
1104 3384 1312 3461 monasteriis,
1324 3386 1464 3453 ecclesiis

152 3484 185 3539 et
202 3478 296 3539 terris
325 3476 523 3539 denuncietis
547 3477 681 3559 singulis
701 3477 814 3541 diebus
836 3478 1002 3540 dominicis
1028 3485 1085 3541 aut
1103 3497 1160 3560 per
1179 3489 1301 3544 vestros
1322 3483 1464 3551 subditos

151 3582 184 3637 et
202 3574 334 3637 clericos
355 3573 541 3637 denunciari
563 3573 675 3638 diebus
697 3573 759 3638 illis
780 3561 907 3657 publice
924 3575 1060 3653 faciatis,
1081 3582 1112 3638 et
1132 3576 1171 3639 ab
1193 3578 1342 3642 omnibus
1364 3585 1463 3647 artius

150 3672 333 3745 evitandos,
366 3677 527 3735 servantes
558 3672 784 3737 nichilominus
812 3679 843 3735 et
875 3676 994 3735 serrari
1024 3672 1174 3737 facientes
1201 3677 1234 3738 in
1265 3678 1413 3744 omnibus
1433 3688 1464 3746 et

152 3768 291 3851 singulis
327 3769 500 3852 parrochiis
531 3777 562 3832 et
592 3770 732 3833 ecclesiis
766 3772 895 3847 vestris,
931 3773 962 3832 in
997 3791 1132 3851 quarum
1163 3774 1306 3837 terminis
1332 3778 1463 3859 predicti

152 3868 297 3949 magistri
314 3867 493 3946 consulum,
512 3867 659 3931 consules
678 3874 870 3947 circatores,
890 3874 921 3931 et
941 3869 1147 3932 Hermannus
1165 3870 1269 3935 dictus
1286 3872 1325 3936 de
1337 3874 1462 3955 Bybera

151 3965 315 4047 predictus
333 3965 383 4029 rel
403 3964 518 4048 aliquis
534 3967 674 4047 ipsorum
694 3986 783 4029 suam
800 3967 993 4049 presenciam
1008 3967 1209 4030 exhibuerint
1224 3969 1272 4031 vel
1283 3971 1463 4039 exhibuerit

151 4070 183 4125 et
203 4068 276 4145 post
297 4080 456 4125 recessum
479 4082 589 4127 eorum
610 4082 665 4145 per
683 4069 747 4126 tres
768 4062 834 4126 dies
854 4065 1021 4127 continuos
1036 4064 1282 4128 ecclesiasticum
1298 4067 1462 4134 districtis-

152 4161 231 4223 sime
263 4160 480 4237 interdictum,
510 4161 594 4243 qnod
615 4161 817 4225 interdictum
839 4181 898 4225 nos
925 4163 1065 4244 ipsorum
1086 4162 1270 4240 rebellione,
1291 4166 1410 4231 offensa
1430 4179 1462 4235 et

152 4256 322 4321 manifesta
342 4258 555 4321 inobedientia
578 4258 813 4341 requirentibus
832 4260 864 4321 in
887 4258 965 4322 locis
986 4269 1017 4322 ot
1038 4260 1211 4341 parrochiis
1230 4261 1295 4325 illis
1311 4267 1461 4346 ponimus

151 4356 337 4419 auctoritate
356 4355 525 4439 apostolica
548 4358 582 4419 in
610 4358 739 4419 nornine
752 4355 880 4421 Domini
902 4358 936 4419 in
952 4358 1013 4421 hiis
1031 4359 1163 4440 scriptis,
1181 4366 1346 4425 monentes
1360 4362 1459 4427 nichi-

149 4454 291 4517 lominus
312 4452 364 4515 vel
382 4454 503 4516 moneri
524 4453 682 4533 facientes,
705 4460 740 4517 ut
762 4474 858 4537 supra
878 4456 917 4517 de
937 4455 1127 4519 umbonibus
1148 4455 1351 4522 ecclesiarum
1368 4461 1459 4526 vobis

151 4550 367 4617 subiectarum
386 4552 521 4635 singulis
543 4550 657 4615 diebus
677 4552 843 4615 dominicis
864 4554 1034 4637 principes,
1056 4601 1085 4618 ..
1104 4553 1250 4635 barones,
1271 4608 1297 4620 ..
1319 4559 1457 4639 comites,
