<?xml version="1.0" encoding="UTF-8"?>
<!DOCTYPE html PUBLIC "-//W3C//DTD XHTML 1.0 Transitional//EN"
    "http://www.w3.org/TR/xhtml1/DTD/xhtml1-transitional.dtd">
<html xmlns="http://www.w3.org/1999/xhtml" xml:lang="en" lang="en">
 <head>
  <title>
</title>
<meta http-equiv="Content-Type" content="text/html;charset=utf-8" />
  <meta name='ocr-system' content='tesseract 3.04.00' />
  <meta name='ocr-capabilities' content='ocr_page ocr_carea ocr_par ocr_line ocrx_word'/>
</head>
<body>
  <div class='ocr_page' id='page_1' title='image "./urkundenbuchder04sachgoog_0578.png"; bbox 0 0 3525 5209; ppageno 0'>
   <div class='ocr_carea' id='block_1_1' title="bbox 500 438 1499 502">
    <p class='ocr_par' dir='ltr' id='par_1_1' title="bbox 500 438 1499 502">
     <span class='ocr_line' id='line_1_1' title="bbox 500 438 1499 502; baseline 0.006 -8"><span class='ocrx_word' id='word_1_1' title='bbox 500 438 731 498; x_wconf 85' lang='lat' dir='ltr'>Urkundenbuch</span> <span class='ocrx_word' id='word_1_2' title='bbox 749 440 799 496; x_wconf 85' lang='lat' dir='ltr'>der</span> <span class='ocrx_word' id='word_1_3' title='bbox 816 439 901 497; x_wconf 77' lang='lat' dir='ltr'>stadt</span> <span class='ocrx_word' id='word_1_4' title='bbox 917 439 1024 497; x_wconf 84' lang='lat' dir='ltr'>Erfurt.</span> <span class='ocrx_word' id='word_1_5' title='bbox 1061 441 1101 502; x_wconf 91' lang='grc' dir='ltr'>ΙΙ.</span> <span class='ocrx_word' id='word_1_6' title='bbox 1118 442 1205 500; x_wconf 87' lang='lat' dir='ltr'>Theil.</span> <span class='ocrx_word' id='word_1_7' title='bbox 1447 446 1499 502; x_wconf 81' lang='lat'>565</span> 
     </span>
    </p>
   </div>
   <div class='ocr_carea' id='block_1_2' title="bbox 192 595 1499 779">
    <p class='ocr_par' dir='ltr' id='par_1_2' title="bbox 192 595 1499 779">
     <span class='ocr_line' id='line_1_2' title="bbox 192 595 1497 679; baseline 0.008 -27"><span class='ocrx_word' id='word_1_8' title='bbox 192 596 313 654; x_wconf 80' lang='lat' dir='ltr'>extarnc</span> <span class='ocrx_word' id='word_1_9' title='bbox 333 609 461 674; x_wconf 76' lang='lat' dir='ltr'><strong>presens</strong></span> <span class='ocrx_word' id='word_1_10' title='bbox 481 599 589 658; x_wconf 89' lang='lat' dir='ltr'>nostra</span> <span class='ocrx_word' id='word_1_11' title='bbox 610 595 769 660; x_wconf 81' lang='lat' dir='ltr'>ordinacio</span> <span class='ocrx_word' id='word_1_12' title='bbox 796 596 846 660; x_wconf 88' lang='lat' dir='ltr'>vel</span> <span class='ocrx_word' id='word_1_13' title='bbox 877 595 1025 661; x_wconf 81' lang='lat' dir='ltr'>absencia</span> <span class='ocrx_word' id='word_1_14' title='bbox 1049 616 1172 662; x_wconf 86' lang='lat' dir='ltr'>cessare</span> <span class='ocrx_word' id='word_1_15' title='bbox 1198 603 1229 662; x_wconf 91' lang='lat' dir='ltr'>et</span> <span class='ocrx_word' id='word_1_16' title='bbox 1256 597 1341 662; x_wconf 90' lang='lat' dir='ltr'>liniri</span> <span class='ocrx_word' id='word_1_17' title='bbox 1362 596 1497 679; x_wconf 79' lang='lat' dir='ltr'>debebit,</span> 
     </span>
     <span class='ocr_line' id='line_1_3' title="bbox 193 695 1499 779; baseline 0.005 -23"><span class='ocrx_word' id='word_1_18' title='bbox 193 701 312 778; x_wconf 78' lang='lat' dir='ltr'>utpote,</span> <span class='ocrx_word' id='word_1_19' title='bbox 333 713 397 776; x_wconf 92' lang='lat' dir='ltr'>qno</span> <span class='ocrx_word' id='word_1_20' title='bbox 420 695 526 776; x_wconf 89' lang='lat' dir='ltr'>quivis</span> <span class='ocrx_word' id='word_1_21' title='bbox 544 703 688 760; x_wconf 87' lang='lat' dir='ltr'>nostrum</span> <span class='ocrx_word' id='word_1_22' title='bbox 712 695 894 779; x_wconf 87' lang='lat' dir='ltr'>ubicunque</span> <span class='ocrx_word' id='word_1_23' title='bbox 914 697 1056 761; x_wconf 86' lang='lat' dir='ltr'>locorum</span> <span class='ocrx_word' id='word_1_24' title='bbox 1068 701 1145 761; x_wconf 87' lang='lat' dir='ltr'>tnnc</span> <span class='ocrx_word' id='word_1_25' title='bbox 1159 695 1274 762; x_wconf 85' lang='lat' dir='ltr'>absens</span> <span class='ocrx_word' id='word_1_26' title='bbox 1289 697 1395 778; x_wconf 80' lang='lat' dir='ltr'>firerit,</span> <span class='ocrx_word' id='word_1_27' title='bbox 1415 699 1499 764; x_wconf 87' lang='lat' dir='ltr'>infra</span> 
     </span>
    </p>
   </div>
   <div class='ocr_carea' id='block_1_3' title="bbox 191 794 1499 1276">
    <p class='ocr_par' dir='ltr' id='par_1_3' title="bbox 191 794 1499 1276">
     <span class='ocr_line' id='line_1_4' title="bbox 193 794 1499 880; baseline 0.002 -23"><span class='ocrx_word' id='word_1_28' title='bbox 193 813 335 857; x_wconf 91' lang='lat' dir='ltr'>mensem</span> <span class='ocrx_word' id='word_1_29' title='bbox 358 813 459 857; x_wconf 91' lang='lat' dir='ltr'>unum</span> <span class='ocrx_word' id='word_1_30' title='bbox 481 794 670 859; x_wconf 89' lang='lat' dir='ltr'>continuum</span> <span class='ocrx_word' id='word_1_31' title='bbox 691 800 723 859; x_wconf 89' lang='lat' dir='ltr'>et</span> <span class='ocrx_word' id='word_1_32' title='bbox 748 796 930 878; x_wconf 86' lang='lat' dir='ltr'>proximum</span> <span class='ocrx_word' id='word_1_33' title='bbox 951 816 970 859; x_wconf 89' lang='lat' dir='ltr'>a</span> <span class='ocrx_word' id='word_1_34' title='bbox 992 802 1143 879; x_wconf 90' lang='lat' dir='ltr'>tempore,</span> <span class='ocrx_word' id='word_1_35' title='bbox 1167 816 1231 880; x_wconf 93' lang='lat' dir='ltr'>quo</span> <span class='ocrx_word' id='word_1_36' title='bbox 1249 797 1316 880; x_wconf 90' lang='lat' dir='ltr'>ipse</span> <span class='ocrx_word' id='word_1_37' title='bbox 1337 795 1499 860; x_wconf 89' lang='lat' dir='ltr'>debuius·</span> 
     </span>
     <span class='ocr_line' id='line_1_5' title="bbox 193 892 1498 976; baseline 0.003 -20"><span class='ocrx_word' id='word_1_38' title='bbox 193 892 278 956; x_wconf 91' lang='lat' dir='ltr'>modi</span> <span class='ocrx_word' id='word_1_39' title='bbox 300 893 547 976; x_wconf 82' lang='lat' dir='ltr'>composicione,</span> <span class='ocrx_word' id='word_1_40' title='bbox 574 895 742 959; x_wconf 90' lang='lat' dir='ltr'>concordia</span> <span class='ocrx_word' id='word_1_41' title='bbox 767 902 798 960; x_wconf 94' lang='lat' dir='ltr'>et</span> <span class='ocrx_word' id='word_1_42' title='bbox 818 899 1051 962; x_wconf 79' lang='lat' dir='ltr'>assecuratione</span> <span class='ocrx_word' id='word_1_43' title='bbox 1075 897 1164 960; x_wconf 87' lang='lat' dir='ltr'>factis</span> <span class='ocrx_word' id='word_1_44' title='bbox 1191 895 1425 974; x_wconf 89' lang='lat' dir='ltr'>certificabitur,</span> <span class='ocrx_word' id='word_1_45' title='bbox 1458 897 1498 960; x_wconf 91' lang='lat' dir='ltr'>ad</span> 
     </span>
     <span class='ocr_line' id='line_1_6' title="bbox 192 991 1498 1074; baseline 0.003 -20"><span class='ocrx_word' id='word_1_46' title='bbox 192 991 314 1055; x_wconf 89' lang='lat' dir='ltr'>dictum</span> <span class='ocrx_word' id='word_1_47' title='bbox 341 991 470 1074; x_wconf 88' lang='lat' dir='ltr'>opidum</span> <span class='ocrx_word' id='word_1_48' title='bbox 497 991 688 1058; x_wconf 84' lang='lat' dir='ltr'>Eriordense</span> <span class='ocrx_word' id='word_1_49' title='bbox 719 996 758 1059; x_wconf 89' lang='lat' dir='ltr'>ad</span> <span class='ocrx_word' id='word_1_50' title='bbox 788 996 996 1060; x_wconf 87' lang='lat' dir='ltr'>residenciam</span> <span class='ocrx_word' id='word_1_51' title='bbox 1024 1000 1208 1060; x_wconf 89' lang='lat' dir='ltr'>consuetam</span> <span class='ocrx_word' id='word_1_52' title='bbox 1234 995 1335 1059; x_wconf 92' lang='lat' dir='ltr'>redire</span> <span class='ocrx_word' id='word_1_53' title='bbox 1365 993 1498 1074; x_wconf 82' lang='lat' dir='ltr'>debebit,</span> 
     </span>
     <span class='ocr_line' id='line_1_7' title="bbox 192 1091 1497 1178; baseline 0.004 -25"><span class='ocrx_word' id='word_1_54' title='bbox 192 1091 419 1173; x_wconf 90' lang='lat' dir='ltr'>impedimento</span> <span class='ocrx_word' id='word_1_55' title='bbox 441 1091 580 1174; x_wconf 79' lang='lat' dir='ltr'>legitimo</span> <span class='ocrx_word' id='word_1_56' title='bbox 601 1099 756 1174; x_wconf 88' lang='lat' dir='ltr'>cessante,</span> <span class='ocrx_word' id='word_1_57' title='bbox 777 1095 919 1178; x_wconf 86' lang='lat' dir='ltr'>alioquin</span> <span class='ocrx_word' id='word_1_58' title='bbox 940 1093 993 1158; x_wconf 93' lang='lat' dir='ltr'>ille</span> <span class='ocrx_word' id='word_1_59' title='bbox 1013 1094 1061 1158; x_wconf 92' lang='lat' dir='ltr'>vel</span> <span class='ocrx_word' id='word_1_60' title='bbox 1076 1094 1122 1156; x_wconf 93' lang='lat' dir='ltr'>illi</span> <span class='ocrx_word' id='word_1_61' title='bbox 1134 1094 1238 1158; x_wconf 88' lang='lat' dir='ltr'>taliter</span> <span class='ocrx_word' id='word_1_62' title='bbox 1251 1112 1315 1157; x_wconf 91' lang='lat' dir='ltr'>non</span> <span class='ocrx_word' id='word_1_63' title='bbox 1330 1093 1497 1158; x_wconf 89' lang='lat' dir='ltr'>redeuntes</span> 
     </span>
     <span class='ocr_line' id='line_1_8' title="bbox 191 1188 1498 1276; baseline 0.001 -22"><span class='ocrx_word' id='word_1_64' title='bbox 191 1188 357 1254; x_wconf 89' lang='lat' dir='ltr'>commodo</span> <span class='ocrx_word' id='word_1_65' title='bbox 378 1192 532 1275; x_wconf 89' lang='lat' dir='ltr'>presentis</span> <span class='ocrx_word' id='word_1_66' title='bbox 552 1192 763 1256; x_wconf 87' lang='lat' dir='ltr'>ordinacionis</span> <span class='ocrx_word' id='word_1_67' title='bbox 783 1212 847 1256; x_wconf 93' lang='lat' dir='ltr'>non</span> <span class='ocrx_word' id='word_1_68' title='bbox 868 1191 1066 1276; x_wconf 87' lang='lat' dir='ltr'>gaudebunt,</span> <span class='ocrx_word' id='word_1_69' title='bbox 1087 1211 1145 1256; x_wconf 90' lang='lat' dir='ltr'>neo</span> <span class='ocrx_word' id='word_1_70' title='bbox 1171 1197 1247 1254; x_wconf 90' lang='lat' dir='ltr'>tunc</span> <span class='ocrx_word' id='word_1_71' title='bbox 1271 1192 1383 1273; x_wconf 90' lang='lat' dir='ltr'>eciam,</span> <span class='ocrx_word' id='word_1_72' title='bbox 1413 1212 1498 1255; x_wconf 92' lang='lat' dir='ltr'>com·</span> 
     </span>
    </p>
   </div>
   <div class='ocr_carea' id='block_1_4' title="bbox 184 1289 1497 4722">
    <p class='ocr_par' dir='ltr' id='par_1_4' title="bbox 184 1289 1497 4722">
     <span class='ocr_line' id='line_1_9' title="bbox 191 1289 1497 1374; baseline -0.001 -21"><span class='ocrx_word' id='word_1_73' title='bbox 191 1289 348 1373; x_wconf 89' lang='lat' dir='ltr'>positione</span> <span class='ocrx_word' id='word_1_74' title='bbox 375 1289 424 1353; x_wconf 88' lang='lat' dir='ltr'>vel</span> <span class='ocrx_word' id='word_1_75' title='bbox 455 1290 621 1353; x_wconf 90' lang='lat' dir='ltr'>concordia</span> <span class='ocrx_word' id='word_1_76' title='bbox 647 1293 784 1374; x_wconf 87' lang='lat' dir='ltr'>partium</span> <span class='ocrx_word' id='word_1_77' title='bbox 819 1291 1031 1374; x_wconf 90' lang='lat' dir='ltr'>predictarum</span> <span class='ocrx_word' id='word_1_78' title='bbox 1057 1291 1140 1354; x_wconf 87' lang='lat' dir='ltr'>facta</span> <span class='ocrx_word' id='word_1_79' title='bbox 1169 1309 1226 1354; x_wconf 91' lang='lat' dir='ltr'>seu</span> <span class='ocrx_word' id='word_1_80' title='bbox 1259 1290 1497 1370; x_wconf 84' lang='lat' dir='ltr'>interveniente,</span> 
     </span>
     <span class='ocr_line' id='line_1_10' title="bbox 191 1386 1496 1474; baseline 0.002 -24"><span class='ocrx_word' id='word_1_81' title='bbox 191 1388 289 1470; x_wconf 85' lang='lat' dir='ltr'>aliqui</span> <span class='ocrx_word' id='word_1_82' title='bbox 314 1407 354 1451; x_wconf 88' lang='lat' dir='ltr'>ex</span> <span class='ocrx_word' id='word_1_83' title='bbox 377 1386 470 1451; x_wconf 90' lang='lat' dir='ltr'>nobis</span> <span class='ocrx_word' id='word_1_84' title='bbox 492 1393 580 1452; x_wconf 92' lang='lat' dir='ltr'>motu</span> <span class='ocrx_word' id='word_1_85' title='bbox 593 1408 652 1452; x_wconf 88' lang='lat' dir='ltr'>suo</span> <span class='ocrx_word' id='word_1_86' title='bbox 671 1391 796 1474; x_wconf 90' lang='lat' dir='ltr'>proprio</span> <span class='ocrx_word' id='word_1_87' title='bbox 812 1389 1014 1472; x_wconf 82' lang='lat' dir='ltr'>singulariter</span> <span class='ocrx_word' id='word_1_88' title='bbox 1024 1387 1202 1452; x_wconf 77' lang='lat' dir='ltr'>Ertordiam</span> <span class='ocrx_word' id='word_1_89' title='bbox 1213 1388 1315 1452; x_wconf 89' lang='lat' dir='ltr'>redire</span> <span class='ocrx_word' id='word_1_90' title='bbox 1328 1387 1496 1470; x_wconf 73' lang='lat' dir='ltr'>debebunt,</span> 
     </span>
     <span class='ocr_line' id='line_1_11' title="bbox 192 1486 1497 1572; baseline 0.004 -24"><span class='ocrx_word' id='word_1_91' title='bbox 192 1488 270 1565; x_wconf 91' lang='lat' dir='ltr'>nisi,</span> <span class='ocrx_word' id='word_1_92' title='bbox 291 1486 463 1569; x_wconf 87' lang='lat' dir='ltr'>probabitis</span> <span class='ocrx_word' id='word_1_93' title='bbox 484 1491 515 1550; x_wconf 88' lang='lat' dir='ltr'>et</span> <span class='ocrx_word' id='word_1_94' title='bbox 540 1488 632 1550; x_wconf 81' lang='lat' dir='ltr'>iactis</span> <span class='ocrx_word' id='word_1_95' title='bbox 654 1507 709 1570; x_wconf 91' lang='lat' dir='ltr'>per</span> <span class='ocrx_word' id='word_1_96' title='bbox 732 1508 789 1552; x_wconf 90' lang='lat' dir='ltr'>nos</span> <span class='ocrx_word' id='word_1_97' title='bbox 810 1489 947 1572; x_wconf 84' lang='lat' dir='ltr'>desuper</span> <span class='ocrx_word' id='word_1_98' title='bbox 967 1487 1260 1564; x_wconf 86' lang='lat' dir='ltr'>convocationibus,</span> <span class='ocrx_word' id='word_1_99' title='bbox 1286 1488 1432 1572; x_wconf 87' lang='lat' dir='ltr'>capitulis</span> <span class='ocrx_word' id='word_1_100' title='bbox 1459 1507 1497 1553; x_wconf 86' lang='lat' dir='ltr'>ac</span> 
     </span>
     <span class='ocr_line' id='line_1_12' title="bbox 192 1583 1497 1670; baseline 0.002 -23"><span class='ocrx_word' id='word_1_101' title='bbox 192 1583 419 1667; x_wconf 87' lang='lat' dir='ltr'>capitularibus</span> <span class='ocrx_word' id='word_1_102' title='bbox 437 1584 633 1665; x_wconf 76' lang='lat' dir='ltr'>baubatibus,</span> <span class='ocrx_word' id='word_1_103' title='bbox 654 1587 814 1651; x_wconf 87' lang='lat' dir='ltr'>internos</span> <span class='ocrx_word' id='word_1_104' title='bbox 841 1586 1069 1669; x_wconf 87' lang='lat' dir='ltr'>capitulantur,</span> <span class='ocrx_word' id='word_1_105' title='bbox 1096 1585 1214 1670; x_wconf 89' lang='lat' dir='ltr'>quibus</span> <span class='ocrx_word' id='word_1_106' title='bbox 1245 1586 1348 1650; x_wconf 92' lang='lat' dir='ltr'>modis</span> <span class='ocrx_word' id='word_1_107' title='bbox 1376 1590 1407 1651; x_wconf 91' lang='lat' dir='ltr'>et</span> <span class='ocrx_word' id='word_1_108' title='bbox 1436 1587 1497 1650; x_wconf 89' lang='lat' dir='ltr'>viis</span> 
     </span>
     <span class='ocr_line' id='line_1_13' title="bbox 189 1683 1495 1762; baseline 0.002 -17"><span class='ocrx_word' id='word_1_109' title='bbox 189 1703 264 1746; x_wconf 90' lang='lat' dir='ltr'>cnm</span> <span class='ocrx_word' id='word_1_110' title='bbox 288 1683 419 1758; x_wconf 86' lang='lat' dir='ltr'>bonore,</span> <span class='ocrx_word' id='word_1_111' title='bbox 444 1683 592 1748; x_wconf 76' lang='lat' dir='ltr'>decencia</span> <span class='ocrx_word' id='word_1_112' title='bbox 616 1689 648 1748; x_wconf 90' lang='lat' dir='ltr'>et</span> <span class='ocrx_word' id='word_1_113' title='bbox 676 1686 844 1749; x_wconf 86' lang='lat' dir='ltr'>securitate</span> <span class='ocrx_word' id='word_1_114' title='bbox 863 1686 1032 1762; x_wconf 85' lang='lat' dir='ltr'>reintrare,</span> <span class='ocrx_word' id='word_1_115' title='bbox 1055 1688 1138 1748; x_wconf 84' lang='lat' dir='ltr'>stare</span> <span class='ocrx_word' id='word_1_116' title='bbox 1166 1689 1198 1747; x_wconf 88' lang='lat' dir='ltr'>et</span> <span class='ocrx_word' id='word_1_117' title='bbox 1223 1703 1351 1749; x_wconf 91' lang='lat' dir='ltr'>manere</span> <span class='ocrx_word' id='word_1_118' title='bbox 1378 1683 1495 1748; x_wconf 90' lang='lat' dir='ltr'>ibidem</span> 
     </span>
     <span class='ocr_line' id='line_1_14' title="bbox 191 1781 1497 1867; baseline 0.006 -25"><span class='ocrx_word' id='word_1_119' title='bbox 191 1783 223 1842; x_wconf 90' lang='lat' dir='ltr'>in</span> <span class='ocrx_word' id='word_1_120' title='bbox 247 1787 338 1844; x_wconf 87' lang='lat' dir='ltr'>antea</span> <span class='ocrx_word' id='word_1_121' title='bbox 360 1781 531 1844; x_wconf 89' lang='lat' dir='ltr'>valeamus.</span> <span class='ocrx_word' id='word_1_122' title='bbox 573 1781 614 1844; x_wconf 84' lang='lat' dir='ltr'>Et</span> <span class='ocrx_word' id='word_1_123' title='bbox 633 1801 688 1865; x_wconf 91' lang='lat' dir='ltr'>pro</span> <span class='ocrx_word' id='word_1_124' title='bbox 710 1784 944 1847; x_wconf 88' lang='lat' dir='ltr'>assecuratione</span> <span class='ocrx_word' id='word_1_125' title='bbox 964 1783 1146 1849; x_wconf 89' lang='lat' dir='ltr'>huiusmodi</span> <span class='ocrx_word' id='word_1_126' title='bbox 1175 1785 1320 1850; x_wconf 86' lang='lat' dir='ltr'>sufficere</span> <span class='ocrx_word' id='word_1_127' title='bbox 1338 1786 1497 1867; x_wconf 91' lang='lat' dir='ltr'>volumus,</span> 
     </span>
     <span class='ocr_line' id='line_1_15' title="bbox 190 1879 1497 1968; baseline 0.004 -24"><span class='ocrx_word' id='word_1_128' title='bbox 190 1881 218 1944; x_wconf 88' lang='lat' dir='ltr'>si</span> <span class='ocrx_word' id='word_1_129' title='bbox 240 1880 387 1944; x_wconf 90' lang='lat' dir='ltr'>consules</span> <span class='ocrx_word' id='word_1_130' title='bbox 400 1879 604 1944; x_wconf 78' lang='lat' dir='ltr'>llriordenses</span> <span class='ocrx_word' id='word_1_131' title='bbox 625 1881 735 1944; x_wconf 79' lang='lat' dir='ltr'>dment</span> <span class='ocrx_word' id='word_1_132' title='bbox 754 1882 872 1946; x_wconf 87' lang='lat' dir='ltr'>litteras</span> <span class='ocrx_word' id='word_1_133' title='bbox 895 1887 1046 1965; x_wconf 88' lang='lat' dir='ltr'>patentes,</span> <span class='ocrx_word' id='word_1_134' title='bbox 1067 1881 1169 1966; x_wconf 82' lang='lat' dir='ltr'>sigillo</span> <span class='ocrx_word' id='word_1_135' title='bbox 1191 1883 1276 1968; x_wconf 91' lang='lat' dir='ltr'>opidi</span> <span class='ocrx_word' id='word_1_136' title='bbox 1296 1883 1497 1950; x_wconf 76' lang='lat' dir='ltr'>Ertordensis</span> 
     </span>
     <span class='ocr_line' id='line_1_16' title="bbox 189 1977 1496 2066; baseline 0.006 -26"><span class='ocrx_word' id='word_1_137' title='bbox 189 1978 375 2061; x_wconf 89' lang='lat' dir='ltr'>inpendenti</span> <span class='ocrx_word' id='word_1_138' title='bbox 396 1977 559 2062; x_wconf 83' lang='lat' dir='ltr'>sigillatas,</span> <span class='ocrx_word' id='word_1_139' title='bbox 588 1978 627 2042; x_wconf 94' lang='lat' dir='ltr'>de</span> <span class='ocrx_word' id='word_1_140' title='bbox 648 1979 767 2043; x_wconf 89' lang='lat' dir='ltr'>tuendo</span> <span class='ocrx_word' id='word_1_141' title='bbox 793 1981 828 2043; x_wconf 91' lang='lat' dir='ltr'>in</span> <span class='ocrx_word' id='word_1_142' title='bbox 852 1984 945 2044; x_wconf 86' lang='lat' dir='ltr'>antea</span> <span class='ocrx_word' id='word_1_143' title='bbox 966 1999 1116 2064; x_wconf 87' lang='lat' dir='ltr'>personas</span> <span class='ocrx_word' id='word_1_144' title='bbox 1140 1987 1171 2046; x_wconf 90' lang='lat' dir='ltr'>et</span> <span class='ocrx_word' id='word_1_145' title='bbox 1195 1982 1279 2047; x_wconf 91' lang='lat' dir='ltr'>bona</span> <span class='ocrx_word' id='word_1_146' title='bbox 1304 1984 1496 2066; x_wconf 89' lang='lat' dir='ltr'>prelatorum</span> 
     </span>
     <span class='ocr_line' id='line_1_17' title="bbox 190 2076 1496 2164; baseline 0.007 -26"><span class='ocrx_word' id='word_1_147' title='bbox 190 2077 415 2139; x_wconf 88' lang='lat' dir='ltr'>canonicorum</span> <span class='ocrx_word' id='word_1_148' title='bbox 438 2083 469 2140; x_wconf 91' lang='lat' dir='ltr'>et</span> <span class='ocrx_word' id='word_1_149' title='bbox 489 2076 565 2140; x_wconf 88' lang='lat' dir='ltr'>cleri</span> <span class='ocrx_word' id='word_1_150' title='bbox 586 2076 785 2141; x_wconf 79' lang='lat' dir='ltr'>Ertbrdensis</span> <span class='ocrx_word' id='word_1_151' title='bbox 806 2080 1020 2142; x_wconf 88' lang='lat' dir='ltr'>communiter</span> <span class='ocrx_word' id='word_1_152' title='bbox 1040 2080 1122 2145; x_wconf 85' lang='lat' dir='ltr'>infra</span> <span class='ocrx_word' id='word_1_153' title='bbox 1142 2081 1272 2164; x_wconf 89' lang='lat' dir='ltr'>opidum</span> <span class='ocrx_word' id='word_1_154' title='bbox 1295 2087 1326 2146; x_wconf 89' lang='lat' dir='ltr'>et</span> <span class='ocrx_word' id='word_1_155' title='bbox 1336 2081 1496 2147; x_wconf 87' lang='lat' dir='ltr'>districtus</span> 
     </span>
     <span class='ocr_line' id='line_1_18' title="bbox 194 2173 1497 2263; baseline 0.007 -27"><span class='ocrx_word' id='word_1_156' title='bbox 194 2193 270 2237; x_wconf 88' lang='lat' dir='ltr'>snos</span> <span class='ocrx_word' id='word_1_157' title='bbox 291 2173 424 2237; x_wconf 87' lang='lat' dir='ltr'>fideliter</span> <span class='ocrx_word' id='word_1_158' title='bbox 444 2180 476 2237; x_wconf 92' lang='lat' dir='ltr'>et</span> <span class='ocrx_word' id='word_1_159' title='bbox 496 2194 533 2237; x_wconf 85' lang='lat' dir='ltr'>eo</span> <span class='ocrx_word' id='word_1_160' title='bbox 553 2176 660 2255; x_wconf 89' lang='lat' dir='ltr'>modo,</span> <span class='ocrx_word' id='word_1_161' title='bbox 688 2195 751 2260; x_wconf 88' lang='lat' dir='ltr'>quo</span> <span class='ocrx_word' id='word_1_162' title='bbox 778 2175 931 2259; x_wconf 87' lang='lat' dir='ltr'>opidanos</span> <span class='ocrx_word' id='word_1_163' title='bbox 951 2183 982 2242; x_wconf 91' lang='lat' dir='ltr'>et</span> <span class='ocrx_word' id='word_1_164' title='bbox 1002 2177 1123 2242; x_wconf 88' lang='lat' dir='ltr'>incolas</span> <span class='ocrx_word' id='word_1_165' title='bbox 1144 2198 1219 2242; x_wconf 90' lang='lat' dir='ltr'>snos</span> <span class='ocrx_word' id='word_1_166' title='bbox 1240 2199 1278 2243; x_wconf 85' lang='lat' dir='ltr'>ao</span> <span class='ocrx_word' id='word_1_167' title='bbox 1296 2198 1446 2263; x_wconf 87' lang='lat' dir='ltr'>personas</span> <span class='ocrx_word' id='word_1_168' title='bbox 1466 2185 1497 2245; x_wconf 88' lang='lat' dir='ltr'>et</span> 
     </span>
     <span class='ocr_line' id='line_1_19' title="bbox 191 2274 1496 2362; baseline 0.002 -23"><span class='ocrx_word' id='word_1_169' title='bbox 191 2275 273 2339; x_wconf 92' lang='lat' dir='ltr'>bona</span> <span class='ocrx_word' id='word_1_170' title='bbox 289 2276 461 2340; x_wconf 90' lang='lat' dir='ltr'>eorundem</span> <span class='ocrx_word' id='word_1_171' title='bbox 473 2279 554 2342; x_wconf 89' lang='lat' dir='ltr'>tueri</span> <span class='ocrx_word' id='word_1_172' title='bbox 566 2279 808 2340; x_wconf 87' lang='lat' dir='ltr'>consueverunt.</span> <span class='ocrx_word' id='word_1_173' title='bbox 849 2274 986 2358; x_wconf 88' lang='lat' dir='ltr'>Insuper</span> <span class='ocrx_word' id='word_1_174' title='bbox 1002 2275 1037 2356; x_wconf 92' lang='lat' dir='ltr'>si,</span> <span class='ocrx_word' id='word_1_175' title='bbox 1057 2277 1234 2357; x_wconf 89' lang='lat' dir='ltr'>concordia,</span> <span class='ocrx_word' id='word_1_176' title='bbox 1254 2280 1496 2362; x_wconf 89' lang='lat' dir='ltr'>composicione,</span> 
     </span>
     <span class='ocr_line' id='line_1_20' title="bbox 190 2371 1496 2462; baseline 0.005 -26"><span class='ocrx_word' id='word_1_177' title='bbox 190 2371 408 2453; x_wconf 89' lang='lat' dir='ltr'>absolucione,</span> <span class='ocrx_word' id='word_1_178' title='bbox 439 2375 678 2459; x_wconf 86' lang='lat' dir='ltr'>dispensacione</span> <span class='ocrx_word' id='word_1_179' title='bbox 709 2391 745 2436; x_wconf 89' lang='lat' dir='ltr'>ae</span> <span class='ocrx_word' id='word_1_180' title='bbox 774 2374 1032 2439; x_wconf 85' lang='lat' dir='ltr'>reconciliacione</span> <span class='ocrx_word' id='word_1_181' title='bbox 1062 2381 1093 2440; x_wconf 90' lang='lat' dir='ltr'>et</span> <span class='ocrx_word' id='word_1_182' title='bbox 1120 2375 1191 2440; x_wconf 90' lang='lat' dir='ltr'>aliis</span> <span class='ocrx_word' id='word_1_183' title='bbox 1220 2377 1397 2442; x_wconf 87' lang='lat' dir='ltr'>necessario</span> <span class='ocrx_word' id='word_1_184' title='bbox 1427 2397 1496 2462; x_wconf 93' lang='lat' dir='ltr'>pre·</span> 
     </span>
     <span class='ocr_line' id='line_1_21' title="bbox 190 2471 1496 2558; baseline 0.005 -24"><span class='ocrx_word' id='word_1_185' title='bbox 190 2471 352 2535; x_wconf 87' lang='lat' dir='ltr'>mittendis</span> <span class='ocrx_word' id='word_1_186' title='bbox 373 2474 465 2536; x_wconf 88' lang='lat' dir='ltr'>etiam</span> <span class='ocrx_word' id='word_1_187' title='bbox 489 2472 668 2557; x_wconf 88' lang='lat' dir='ltr'>prehabitis,</span> <span class='ocrx_word' id='word_1_188' title='bbox 688 2471 779 2536; x_wconf 86' lang='lat' dir='ltr'>tactis</span> <span class='ocrx_word' id='word_1_189' title='bbox 795 2477 826 2536; x_wconf 90' lang='lat' dir='ltr'>et</span> <span class='ocrx_word' id='word_1_190' title='bbox 838 2471 1086 2555; x_wconf 86' lang='lat' dir='ltr'>precedentibus,</span> <span class='ocrx_word' id='word_1_191' title='bbox 1106 2474 1222 2558; x_wconf 85' lang='lat' dir='ltr'>aliquis</span> <span class='ocrx_word' id='word_1_192' title='bbox 1242 2476 1395 2540; x_wconf 89' lang='lat' dir='ltr'>internos</span> <span class='ocrx_word' id='word_1_193' title='bbox 1409 2495 1496 2541; x_wconf 93' lang='lat' dir='ltr'>unus</span> 
     </span>
     <span class='ocr_line' id='line_1_22' title="bbox 190 2570 1494 2654; baseline 0.006 -24"><span class='ocrx_word' id='word_1_194' title='bbox 190 2570 241 2634; x_wconf 86' lang='lat' dir='ltr'>vel</span> <span class='ocrx_word' id='word_1_195' title='bbox 262 2570 370 2654; x_wconf 89' lang='lat' dir='ltr'>plures</span> <span class='ocrx_word' id='word_1_196' title='bbox 390 2575 477 2634; x_wconf 90' lang='lat' dir='ltr'>metu</span> <span class='ocrx_word' id='word_1_197' title='bbox 495 2572 635 2654; x_wconf 76' lang='lat' dir='ltr'>legitimo</span> <span class='ocrx_word' id='word_1_198' title='bbox 645 2576 866 2635; x_wconf 88' lang='lat' dir='ltr'>concuteretur</span> <span class='ocrx_word' id='word_1_199' title='bbox 879 2572 1277 2654; x_wconf 85' lang='lat' dir='ltr'>excommunicacionibus,</span> <span class='ocrx_word' id='word_1_200' title='bbox 1297 2575 1494 2640; x_wconf 84' lang='lat' dir='ltr'>acrrzacioni-</span> 
     </span>
     <span class='ocr_line' id='line_1_23' title="bbox 188 2666 1495 2756; baseline 0.007 -26"><span class='ocrx_word' id='word_1_201' title='bbox 188 2666 250 2731; x_wconf 90' lang='lat' dir='ltr'>bus</span> <span class='ocrx_word' id='word_1_202' title='bbox 271 2673 302 2732; x_wconf 88' lang='lat' dir='ltr'>et</span> <span class='ocrx_word' id='word_1_203' title='bbox 318 2670 612 2755; x_wconf 90' lang='lat' dir='ltr'>premunicionibus</span> <span class='ocrx_word' id='word_1_204' title='bbox 634 2669 768 2754; x_wconf 87' lang='lat' dir='ltr'>publicis</span> <span class='ocrx_word' id='word_1_205' title='bbox 789 2670 839 2734; x_wconf 90' lang='lat' dir='ltr'>vel</span> <span class='ocrx_word' id='word_1_206' title='bbox 860 2671 992 2735; x_wconf 90' lang='lat' dir='ltr'>occultis</span> <span class='ocrx_word' id='word_1_207' title='bbox 1013 2671 1063 2734; x_wconf 89' lang='lat' dir='ltr'>vel</span> <span class='ocrx_word' id='word_1_208' title='bbox 1081 2670 1160 2752; x_wconf 90' lang='lat' dir='ltr'>aliis,</span> <span class='ocrx_word' id='word_1_209' title='bbox 1181 2691 1244 2756; x_wconf 91' lang='lat' dir='ltr'>quo</span> <span class='ocrx_word' id='word_1_210' title='bbox 1265 2673 1373 2738; x_wconf 90' lang='lat' dir='ltr'>minus</span> <span class='ocrx_word' id='word_1_211' title='bbox 1385 2691 1495 2739; x_wconf 90' lang='lat' dir='ltr'>secure</span> 
     </span>
     <span class='ocr_line' id='line_1_24' title="bbox 188 2764 1495 2852; baseline 0.005 -23"><span class='ocrx_word' id='word_1_212' title='bbox 188 2765 319 2849; x_wconf 91' lang='lat' dir='ltr'>opidum</span> <span class='ocrx_word' id='word_1_213' title='bbox 344 2764 534 2834; x_wconf 80' lang='lat' dir='ltr'>Erfurdense</span> <span class='ocrx_word' id='word_1_214' title='bbox 554 2768 710 2852; x_wconf 81' lang='lat' dir='ltr'>reingredi</span> <span class='ocrx_word' id='word_1_215' title='bbox 737 2769 786 2833; x_wconf 92' lang='lat' dir='ltr'>vel</span> <span class='ocrx_word' id='word_1_216' title='bbox 813 2787 942 2832; x_wconf 89' lang='lat' dir='ltr'>manere</span> <span class='ocrx_word' id='word_1_217' title='bbox 977 2775 1081 2852; x_wconf 90' lang='lat' dir='ltr'>posset</span> <span class='ocrx_word' id='word_1_218' title='bbox 1110 2769 1228 2835; x_wconf 89' lang='lat' dir='ltr'>ibidem</span> <span class='ocrx_word' id='word_1_219' title='bbox 1254 2775 1286 2835; x_wconf 89' lang='lat' dir='ltr'>et</span> <span class='ocrx_word' id='word_1_220' title='bbox 1311 2771 1495 2836; x_wconf 89' lang='lat' dir='ltr'>huiusmodi</span> 
     </span>
     <span class='ocr_line' id='line_1_25' title="bbox 190 2865 1495 2951; baseline 0.009 -24"><span class='ocrx_word' id='word_1_221' title='bbox 190 2871 310 2928; x_wconf 89' lang='lat' dir='ltr'>metum</span> <span class='ocrx_word' id='word_1_222' title='bbox 323 2865 513 2950; x_wconf 82' lang='lat' dir='ltr'>allegaverit,</span> <span class='ocrx_word' id='word_1_223' title='bbox 534 2888 588 2951; x_wconf 90' lang='lat' dir='ltr'>pro</span> <span class='ocrx_word' id='word_1_224' title='bbox 609 2867 664 2930; x_wconf 93' lang='lat' dir='ltr'>illo</span> <span class='ocrx_word' id='word_1_225' title='bbox 689 2867 738 2931; x_wconf 90' lang='lat' dir='ltr'>vel</span> <span class='ocrx_word' id='word_1_226' title='bbox 759 2866 822 2931; x_wconf 89' lang='lat' dir='ltr'>illis</span> <span class='ocrx_word' id='word_1_227' title='bbox 844 2868 982 2951; x_wconf 87' lang='lat' dir='ltr'>capitula</span> <span class='ocrx_word' id='word_1_228' title='bbox 1003 2873 1111 2935; x_wconf 89' lang='lat' dir='ltr'>nostra</span> <span class='ocrx_word' id='word_1_229' title='bbox 1131 2891 1165 2937; x_wconf 92' lang='lat' dir='ltr'>se</span> <span class='ocrx_word' id='word_1_230' title='bbox 1186 2871 1495 2938; x_wconf 85' lang='lat' dir='ltr'>ellectualiterinter-</span> 
     </span>
     <span class='ocr_line' id='line_1_26' title="bbox 188 2963 1495 3056; baseline 0.009 -31"><span class='ocrx_word' id='word_1_231' title='bbox 188 2968 318 3046; x_wconf 91' lang='lat' dir='ltr'>ponent,</span> <span class='ocrx_word' id='word_1_232' title='bbox 349 2963 534 3029; x_wconf 83' lang='lat' dir='ltr'>exhibentes</span> <span class='ocrx_word' id='word_1_233' title='bbox 566 2985 621 3049; x_wconf 93' lang='lat' dir='ltr'>pro</span> <span class='ocrx_word' id='word_1_234' title='bbox 646 2965 700 3028; x_wconf 94' lang='lat' dir='ltr'>illo</span> <span class='ocrx_word' id='word_1_235' title='bbox 721 2964 772 3028; x_wconf 88' lang='lat' dir='ltr'>vel</span> <span class='ocrx_word' id='word_1_236' title='bbox 802 2964 865 3028; x_wconf 91' lang='lat' dir='ltr'>illis</span> <span class='ocrx_word' id='word_1_237' title='bbox 887 2966 935 3030; x_wconf 89' lang='lat' dir='ltr'>vel</span> <span class='ocrx_word' id='word_1_238' title='bbox 967 2986 1026 3030; x_wconf 88' lang='lat' dir='ltr'>suo</span> <span class='ocrx_word' id='word_1_239' title='bbox 1051 2971 1182 3035; x_wconf 90' lang='lat' dir='ltr'>nomine</span> <span class='ocrx_word' id='word_1_240' title='bbox 1213 2973 1337 3036; x_wconf 90' lang='lat' dir='ltr'>iusticie</span> <span class='ocrx_word' id='word_1_241' title='bbox 1358 2971 1495 3056; x_wconf 90' lang='lat' dir='ltr'>comple-</span> 
     </span>
     <span class='ocr_line' id='line_1_27' title="bbox 187 3062 1494 3148; baseline 0.008 -24"><span class='ocrx_word' id='word_1_242' title='bbox 187 3067 349 3142; x_wconf 89' lang='lat' dir='ltr'>mentum,</span> <span class='ocrx_word' id='word_1_243' title='bbox 391 3082 487 3148; x_wconf 89' lang='lat' dir='ltr'>soper</span> <span class='ocrx_word' id='word_1_244' title='bbox 528 3084 591 3147; x_wconf 90' lang='lat' dir='ltr'>qno</span> <span class='ocrx_word' id='word_1_245' title='bbox 630 3063 713 3127; x_wconf 91' lang='lat' dir='ltr'>idem</span> <span class='ocrx_word' id='word_1_246' title='bbox 755 3063 816 3126; x_wconf 90' lang='lat' dir='ltr'>iuri</span> <span class='ocrx_word' id='word_1_247' title='bbox 860 3062 954 3128; x_wconf 88' lang='lat' dir='ltr'>stabit</span> <span class='ocrx_word' id='word_1_248' title='bbox 988 3065 1024 3128; x_wconf 92' lang='lat' dir='ltr'>ad</span> <span class='ocrx_word' id='word_1_249' title='bbox 1054 3066 1280 3134; x_wconf 87' lang='lat' dir='ltr'>diffinicionem</span> <span class='ocrx_word' id='word_1_250' title='bbox 1312 3075 1494 3135; x_wconf 86' lang='lat' dir='ltr'>nostrorum</span> 
     </span>
     <span class='ocr_line' id='line_1_28' title="bbox 190 3159 1494 3252; baseline 0.008 -29"><span class='ocrx_word' id='word_1_251' title='bbox 190 3159 412 3245; x_wconf 90' lang='lat' dir='ltr'>capitulorum,</span> <span class='ocrx_word' id='word_1_252' title='bbox 438 3163 483 3226; x_wconf 89' lang='lat' dir='ltr'>sic</span> <span class='ocrx_word' id='word_1_253' title='bbox 504 3162 588 3248; x_wconf 89' lang='lat' dir='ltr'>quod</span> <span class='ocrx_word' id='word_1_254' title='bbox 610 3162 694 3226; x_wconf 91' lang='lat' dir='ltr'>idem</span> <span class='ocrx_word' id='word_1_255' title='bbox 715 3166 915 3225; x_wconf 88' lang='lat' dir='ltr'>assecuretur</span> <span class='ocrx_word' id='word_1_256' title='bbox 938 3168 1046 3226; x_wconf 86' lang='lat' dir='ltr'>contra</span> <span class='ocrx_word' id='word_1_257' title='bbox 1073 3171 1195 3231; x_wconf 84' lang='lat' dir='ltr'>metum</span> <span class='ocrx_word' id='word_1_258' title='bbox 1217 3167 1434 3252; x_wconf 90' lang='lat' dir='ltr'>supradictum</span> <span class='ocrx_word' id='word_1_259' title='bbox 1455 3167 1494 3233; x_wconf 91' lang='lat' dir='ltr'>de</span> 
     </span>
     <span class='ocr_line' id='line_1_29' title="bbox 187 3259 1494 3350; baseline 0.005 -29"><span class='ocrx_word' id='word_1_260' title='bbox 187 3259 380 3339; x_wconf 86' lang='lat' dir='ltr'>reintrando,</span> <span class='ocrx_word' id='word_1_261' title='bbox 401 3279 511 3325; x_wconf 89' lang='lat' dir='ltr'>secure</span> <span class='ocrx_word' id='word_1_262' title='bbox 537 3259 648 3326; x_wconf 86' lang='lat' dir='ltr'>stando</span> <span class='ocrx_word' id='word_1_263' title='bbox 670 3266 701 3325; x_wconf 89' lang='lat' dir='ltr'>et</span> <span class='ocrx_word' id='word_1_264' title='bbox 721 3263 879 3326; x_wconf 89' lang='lat' dir='ltr'>manendo</span> <span class='ocrx_word' id='word_1_265' title='bbox 901 3263 1033 3345; x_wconf 91' lang='lat' dir='ltr'>ibidem,</span> <span class='ocrx_word' id='word_1_266' title='bbox 1063 3284 1126 3350; x_wconf 90' lang='lat' dir='ltr'>que</span> <span class='ocrx_word' id='word_1_267' title='bbox 1157 3267 1366 3343; x_wconf 86' lang='lat' dir='ltr'>assecuracio,</span> <span class='ocrx_word' id='word_1_268' title='bbox 1397 3267 1424 3329; x_wconf 90' lang='lat' dir='ltr'>si</span> <span class='ocrx_word' id='word_1_269' title='bbox 1447 3265 1494 3329; x_wconf 93' lang='lat' dir='ltr'>illi</span> 
     </span>
     <span class='ocr_line' id='line_1_30' title="bbox 188 3356 1494 3446; baseline 0.008 -27"><span class='ocrx_word' id='word_1_270' title='bbox 188 3356 256 3420; x_wconf 88' lang='lat' dir='ltr'>lieri</span> <span class='ocrx_word' id='word_1_271' title='bbox 278 3375 343 3420; x_wconf 90' lang='lat' dir='ltr'>non</span> <span class='ocrx_word' id='word_1_272' title='bbox 363 3363 470 3434; x_wconf 87' lang='lat' dir='ltr'>posset</span> <span class='ocrx_word' id='word_1_273' title='bbox 490 3359 529 3422; x_wconf 87' lang='lat' dir='ltr'>ad</span> <span class='ocrx_word' id='word_1_274' title='bbox 552 3361 807 3443; x_wconf 90' lang='lat' dir='ltr'>procuracionem</span> <span class='ocrx_word' id='word_1_275' title='bbox 837 3362 1046 3446; x_wconf 88' lang='lat' dir='ltr'>capitulorum</span> <span class='ocrx_word' id='word_1_276' title='bbox 1067 3369 1264 3443; x_wconf 89' lang='lat' dir='ltr'>nostrorum,</span> <span class='ocrx_word' id='word_1_277' title='bbox 1297 3367 1417 3428; x_wconf 80' lang='lat' dir='ltr'>extunc</span> <span class='ocrx_word' id='word_1_278' title='bbox 1441 3363 1494 3429; x_wconf 93' lang='lat' dir='ltr'>ille</span> 
     </span>
     <span class='ocr_line' id='line_1_31' title="bbox 187 3454 1494 3546; baseline 0.006 -29"><span class='ocrx_word' id='word_1_279' title='bbox 187 3454 369 3538; x_wconf 88' lang='lat' dir='ltr'>supradicta</span> <span class='ocrx_word' id='word_1_280' title='bbox 391 3457 593 3524; x_wconf 89' lang='lat' dir='ltr'>ordinacione</span> <span class='ocrx_word' id='word_1_281' title='bbox 614 3477 670 3521; x_wconf 91' lang='lat' dir='ltr'>seu</span> <span class='ocrx_word' id='word_1_282' title='bbox 693 3457 842 3523; x_wconf 87' lang='lat' dir='ltr'>absencia</span> <span class='ocrx_word' id='word_1_283' title='bbox 862 3459 1013 3540; x_wconf 82' lang='lat' dir='ltr'>gaudebit</span> <span class='ocrx_word' id='word_1_284' title='bbox 1033 3466 1064 3526; x_wconf 90' lang='lat' dir='ltr'>et</span> <span class='ocrx_word' id='word_1_285' title='bbox 1084 3462 1223 3546; x_wconf 82' lang='lat' dir='ltr'>gaudere</span> <span class='ocrx_word' id='word_1_286' title='bbox 1243 3460 1382 3541; x_wconf 82' lang='lat' dir='ltr'>debebit,</span> <span class='ocrx_word' id='word_1_287' title='bbox 1404 3481 1440 3525; x_wconf 90' lang='lat' dir='ltr'>ao</span> <span class='ocrx_word' id='word_1_288' title='bbox 1466 3463 1494 3527; x_wconf 92' lang='lat' dir='ltr'>si</span> 
     </span>
     <span class='ocr_line' id='line_1_32' title="bbox 188 3553 1494 3644; baseline 0.005 -27"><span class='ocrx_word' id='word_1_289' title='bbox 188 3553 396 3635; x_wconf 89' lang='lat' dir='ltr'>personaliter</span> <span class='ocrx_word' id='word_1_290' title='bbox 423 3556 572 3619; x_wconf 90' lang='lat' dir='ltr'>continue</span> <span class='ocrx_word' id='word_1_291' title='bbox 603 3555 755 3620; x_wconf 89' lang='lat' dir='ltr'>resideret</span> <span class='ocrx_word' id='word_1_292' title='bbox 777 3557 811 3621; x_wconf 91' lang='lat' dir='ltr'>in</span> <span class='ocrx_word' id='word_1_293' title='bbox 833 3557 995 3639; x_wconf 89' lang='lat' dir='ltr'>omnibus,</span> <span class='ocrx_word' id='word_1_294' title='bbox 1030 3565 1064 3624; x_wconf 92' lang='lat' dir='ltr'>ut</span> <span class='ocrx_word' id='word_1_295' title='bbox 1098 3579 1195 3644; x_wconf 88' lang='lat' dir='ltr'>sopra</span> <span class='ocrx_word' id='word_1_296' title='bbox 1226 3558 1386 3640; x_wconf 86' lang='lat' dir='ltr'>scribitur,</span> <span class='ocrx_word' id='word_1_297' title='bbox 1424 3558 1494 3623; x_wconf 89' lang='lat' dir='ltr'>ubi·</span> 
     </span>
     <span class='ocr_line' id='line_1_33' title="bbox 187 3652 1493 3738; baseline 0.008 -26"><span class='ocrx_word' id='word_1_298' title='bbox 187 3669 316 3734; x_wconf 83' lang='lat' dir='ltr'>ermque</span> <span class='ocrx_word' id='word_1_299' title='bbox 345 3652 458 3731; x_wconf 85' lang='lat' dir='ltr'>tuerit,</span> <span class='ocrx_word' id='word_1_300' title='bbox 490 3672 672 3737; x_wconf 87' lang='lat' dir='ltr'>quousque,</span> <span class='ocrx_word' id='word_1_301' title='bbox 703 3658 740 3718; x_wconf 90' lang='lat' dir='ltr'>nt</span> <span class='ocrx_word' id='word_1_302' title='bbox 772 3656 977 3738; x_wconf 87' lang='lat' dir='ltr'>premittitur,</span> <span class='ocrx_word' id='word_1_303' title='bbox 1006 3657 1200 3721; x_wconf 86' lang='lat' dir='ltr'>sufficienter</span> <span class='ocrx_word' id='word_1_304' title='bbox 1225 3661 1424 3722; x_wconf 85' lang='lat' dir='ltr'>assecuretur</span> <span class='ocrx_word' id='word_1_305' title='bbox 1455 3658 1493 3723; x_wconf 90' lang='lat' dir='ltr'>de</span> 
     </span>
     <span class='ocr_line' id='line_1_34' title="bbox 187 3749 1493 3828; baseline 0.007 -17"><span class='ocrx_word' id='word_1_306' title='bbox 187 3749 387 3828; x_wconf 89' lang='lat' dir='ltr'>reintrando,</span> <span class='ocrx_word' id='word_1_307' title='bbox 414 3750 526 3813; x_wconf 86' lang='lat' dir='ltr'>stando</span> <span class='ocrx_word' id='word_1_308' title='bbox 548 3755 579 3813; x_wconf 90' lang='lat' dir='ltr'>et</span> <span class='ocrx_word' id='word_1_309' title='bbox 602 3752 759 3815; x_wconf 89' lang='lat' dir='ltr'>manendo</span> <span class='ocrx_word' id='word_1_310' title='bbox 778 3752 906 3816; x_wconf 91' lang='lat' dir='ltr'>ibidem.</span> <span class='ocrx_word' id='word_1_311' title='bbox 948 3754 1036 3819; x_wconf 87' lang='lat' dir='ltr'>Idem</span> <span class='ocrx_word' id='word_1_312' title='bbox 1063 3756 1163 3820; x_wconf 90' lang='lat' dir='ltr'>eciam</span> <span class='ocrx_word' id='word_1_313' title='bbox 1193 3755 1342 3820; x_wconf 91' lang='lat' dir='ltr'>volumus</span> <span class='ocrx_word' id='word_1_314' title='bbox 1372 3756 1411 3820; x_wconf 93' lang='lat' dir='ltr'>de</span> <span class='ocrx_word' id='word_1_315' title='bbox 1431 3755 1493 3820; x_wconf 90' lang='lat' dir='ltr'>hiis</span> 
     </span>
     <span class='ocr_line' id='line_1_35' title="bbox 186 3841 1492 3937; baseline 0.008 -29"><span class='ocrx_word' id='word_1_316' title='bbox 186 3844 327 3929; x_wconf 88' lang='lat' dir='ltr'>prelatis,</span> <span class='ocrx_word' id='word_1_317' title='bbox 347 3848 509 3911; x_wconf 88' lang='lat' dir='ltr'>canonicis</span> <span class='ocrx_word' id='word_1_318' title='bbox 530 3853 562 3911; x_wconf 88' lang='lat' dir='ltr'>et</span> <span class='ocrx_word' id='word_1_319' title='bbox 581 3848 703 3914; x_wconf 88' lang='lat' dir='ltr'>clericis</span> <span class='ocrx_word' id='word_1_320' title='bbox 724 3849 970 3916; x_wconf 80' lang='lat' dir='ltr'>Ertordensibns</span> <span class='ocrx_word' id='word_1_321' title='bbox 992 3853 1251 3937; x_wconf 88' lang='lat' dir='ltr'>quibuscunque,</span> <span class='ocrx_word' id='word_1_322' title='bbox 1278 3859 1387 3918; x_wconf 87' lang='lat' dir='ltr'>contra</span> <span class='ocrx_word' id='word_1_323' title='bbox 1412 3841 1492 3937; x_wconf 87' lang='lat' dir='ltr'>quos</span> 
     </span>
     <span class='ocr_line' id='line_1_36' title="bbox 184 3943 1492 4029; baseline 0.008 -23"><span class='ocrx_word' id='word_1_324' title='bbox 184 3943 333 4008; x_wconf 90' lang='lat' dir='ltr'>consules</span> <span class='ocrx_word' id='word_1_325' title='bbox 364 3963 420 4008; x_wconf 89' lang='lat' dir='ltr'>seu</span> <span class='ocrx_word' id='word_1_326' title='bbox 453 3946 580 4029; x_wconf 90' lang='lat' dir='ltr'>opidani</span> <span class='ocrx_word' id='word_1_327' title='bbox 605 3951 661 4010; x_wconf 88' lang='lat' dir='ltr'>aut</span> <span class='ocrx_word' id='word_1_328' title='bbox 685 3948 789 4012; x_wconf 89' lang='lat' dir='ltr'>incole</span> <span class='ocrx_word' id='word_1_329' title='bbox 814 3947 1021 4015; x_wconf 82' lang='lat' dir='ltr'>Eriordenses</span> <span class='ocrx_word' id='word_1_330' title='bbox 1048 3952 1260 4016; x_wconf 89' lang='lat' dir='ltr'>communiter</span> <span class='ocrx_word' id='word_1_331' title='bbox 1285 3952 1336 4016; x_wconf 87' lang='lat' dir='ltr'>vel</span> <span class='ocrx_word' id='word_1_332' title='bbox 1364 3952 1492 4016; x_wconf 87' lang='lat' dir='ltr'>divisim</span> 
     </span>
     <span class='ocr_line' id='line_1_37' title="bbox 186 4041 1492 4130; baseline 0.007 -24"><span class='ocrx_word' id='word_1_333' title='bbox 186 4041 358 4106; x_wconf 89' lang='lat' dir='ltr'>obiecerint</span> <span class='ocrx_word' id='word_1_334' title='bbox 375 4063 432 4107; x_wconf 89' lang='lat' dir='ltr'>seu</span> <span class='ocrx_word' id='word_1_335' title='bbox 454 4063 489 4107; x_wconf 92' lang='lat' dir='ltr'>se</span> <span class='ocrx_word' id='word_1_336' title='bbox 509 4042 661 4124; x_wconf 85' lang='lat' dir='ltr'>obiciunt,</span> <span class='ocrx_word' id='word_1_337' title='bbox 681 4064 790 4110; x_wconf 89' lang='lat' dir='ltr'>eorum</span> <span class='ocrx_word' id='word_1_338' title='bbox 812 4053 957 4130; x_wconf 87' lang='lat' dir='ltr'>pretextu</span> <span class='ocrx_word' id='word_1_339' title='bbox 975 4055 1031 4113; x_wconf 89' lang='lat' dir='ltr'>ant</span> <span class='ocrx_word' id='word_1_340' title='bbox 1052 4051 1224 4130; x_wconf 89' lang='lat' dir='ltr'>occasione,</span> <span class='ocrx_word' id='word_1_341' title='bbox 1244 4049 1318 4114; x_wconf 88' lang='lat' dir='ltr'>ficta</span> <span class='ocrx_word' id='word_1_342' title='bbox 1338 4049 1389 4114; x_wconf 87' lang='lat' dir='ltr'>vel</span> <span class='ocrx_word' id='word_1_343' title='bbox 1409 4069 1492 4130; x_wconf 84' lang='lat' dir='ltr'>vera,</span> 
     </span>
     <span class='ocr_line' id='line_1_38' title="bbox 186 4141 1491 4225; baseline 0.006 -21"><span class='ocrx_word' id='word_1_344' title='bbox 186 4142 254 4205; x_wconf 86' lang='lat' dir='ltr'>lore</span> <span class='ocrx_word' id='word_1_345' title='bbox 285 4141 538 4225; x_wconf 87' lang='lat' dir='ltr'>dampnificatos,</span> <span class='ocrx_word' id='word_1_346' title='bbox 568 4143 738 4207; x_wconf 89' lang='lat' dir='ltr'>iniuriatos</span> <span class='ocrx_word' id='word_1_347' title='bbox 769 4145 817 4208; x_wconf 89' lang='lat' dir='ltr'>vel</span> <span class='ocrx_word' id='word_1_348' title='bbox 849 4147 1042 4211; x_wconf 86' lang='lat' dir='ltr'>conviciatos</span> <span class='ocrx_word' id='word_1_349' title='bbox 1078 4147 1173 4212; x_wconf 88' lang='lat' dir='ltr'>verbo</span> <span class='ocrx_word' id='word_1_350' title='bbox 1208 4148 1258 4212; x_wconf 91' lang='lat' dir='ltr'>vel</span> <span class='ocrx_word' id='word_1_351' title='bbox 1295 4148 1393 4224; x_wconf 86' lang='lat' dir='ltr'>lactc,</span> <span class='ocrx_word' id='word_1_352' title='bbox 1434 4166 1491 4212; x_wconf 92' lang='lat' dir='ltr'>seu</span> 
     </span>
     <span class='ocr_line' id='line_1_39' title="bbox 187 4238 1490 4329; baseline 0.005 -27"><span class='ocrx_word' id='word_1_353' title='bbox 187 4238 306 4322; x_wconf 88' lang='lat' dir='ltr'>quibos</span> <span class='ocrx_word' id='word_1_354' title='bbox 327 4241 448 4323; x_wconf 90' lang='lat' dir='ltr'>aliquid</span> <span class='ocrx_word' id='word_1_355' title='bbox 469 4242 600 4321; x_wconf 90' lang='lat' dir='ltr'>crimen,</span> <span class='ocrx_word' id='word_1_356' title='bbox 622 4259 799 4319; x_wconf 82' lang='lat' dir='ltr'>excessum,</span> <span class='ocrx_word' id='word_1_357' title='bbox 820 4242 979 4322; x_wconf 88' lang='lat' dir='ltr'>delictum,</span> <span class='ocrx_word' id='word_1_358' title='bbox 1001 4246 1170 4310; x_wconf 90' lang='lat' dir='ltr'>consilium</span> <span class='ocrx_word' id='word_1_359' title='bbox 1192 4246 1241 4310; x_wconf 90' lang='lat' dir='ltr'>vel</span> <span class='ocrx_word' id='word_1_360' title='bbox 1264 4245 1384 4329; x_wconf 90' lang='lat' dir='ltr'>aliquid</span> <span class='ocrx_word' id='word_1_361' title='bbox 1405 4245 1490 4309; x_wconf 90' lang='lat' dir='ltr'>aliud</span> 
     </span>
     <span class='ocr_line' id='line_1_40' title="bbox 187 4337 1491 4426; baseline 0.007 -29"><span class='ocrx_word' id='word_1_362' title='bbox 187 4355 260 4400; x_wconf 91' lang='lat' dir='ltr'>vere</span> <span class='ocrx_word' id='word_1_363' title='bbox 279 4338 329 4401; x_wconf 90' lang='lat' dir='ltr'>vel</span> <span class='ocrx_word' id='word_1_364' title='bbox 351 4337 483 4402; x_wconf 91' lang='lat' dir='ltr'>conficte</span> <span class='ocrx_word' id='word_1_365' title='bbox 504 4345 670 4422; x_wconf 85' lang='lat' dir='ltr'>opponent</span> <span class='ocrx_word' id='word_1_366' title='bbox 711 4339 750 4403; x_wconf 90' lang='lat' dir='ltr'>In</span> <span class='ocrx_word' id='word_1_367' title='bbox 769 4339 897 4405; x_wconf 87' lang='lat' dir='ltr'>casibus</span> <span class='ocrx_word' id='word_1_368' title='bbox 909 4362 1038 4426; x_wconf 90' lang='lat' dir='ltr'>quoque</span> <span class='ocrx_word' id='word_1_369' title='bbox 1046 4343 1254 4422; x_wconf 89' lang='lat' dir='ltr'>electionum,</span> <span class='ocrx_word' id='word_1_370' title='bbox 1274 4343 1491 4422; x_wconf 86' lang='lat' dir='ltr'>collacionum,</span> 
     </span>
     <span class='ocr_line' id='line_1_41' title="bbox 185 4436 1491 4520; baseline 0.005 -22"><span class='ocrx_word' id='word_1_371' title='bbox 185 4436 402 4519; x_wconf 88' lang='lat' dir='ltr'>receptionum</span> <span class='ocrx_word' id='word_1_372' title='bbox 422 4437 674 4519; x_wconf 88' lang='lat' dir='ltr'>impetrancinm,</span> <span class='ocrx_word' id='word_1_373' title='bbox 695 4441 978 4520; x_wconf 85' lang='lat' dir='ltr'>permutacionum,</span> <span class='ocrx_word' id='word_1_374' title='bbox 998 4441 1169 4506; x_wconf 89' lang='lat' dir='ltr'>collacione</span> <span class='ocrx_word' id='word_1_375' title='bbox 1190 4443 1374 4506; x_wconf 89' lang='lat' dir='ltr'>vacancium</span> <span class='ocrx_word' id='word_1_376' title='bbox 1397 4440 1491 4504; x_wconf 89' lang='lat' dir='ltr'>bene-</span> 
     </span>
     <span class='ocr_line' id='line_1_42' title="bbox 185 4533 1489 4621; baseline 0.005 -25"><span class='ocrx_word' id='word_1_377' title='bbox 185 4533 343 4606; x_wconf 82' lang='lat' dir='ltr'>ficiorum,</span> <span class='ocrx_word' id='word_1_378' title='bbox 373 4535 583 4617; x_wconf 90' lang='lat' dir='ltr'>emptionum,</span> <span class='ocrx_word' id='word_1_379' title='bbox 611 4535 848 4617; x_wconf 81' lang='lat' dir='ltr'>condicionum,</span> <span class='ocrx_word' id='word_1_380' title='bbox 881 4537 1114 4603; x_wconf 90' lang='lat' dir='ltr'>alienacionum</span> <span class='ocrx_word' id='word_1_381' title='bbox 1156 4559 1212 4603; x_wconf 89' lang='lat' dir='ltr'>seu</span> <span class='ocrx_word' id='word_1_382' title='bbox 1255 4538 1489 4621; x_wconf 82' lang='lat' dir='ltr'>obligacionum</span> 
     </span>
     <span class='ocr_line' id='line_1_43' title="bbox 184 4629 1487 4722; baseline 0.007 -29"><span class='ocrx_word' id='word_1_383' title='bbox 184 4629 342 4697; x_wconf 89' lang='lat' dir='ltr'>bonorum</span> <span class='ocrx_word' id='word_1_384' title='bbox 364 4633 414 4697; x_wconf 87' lang='lat' dir='ltr'>vel</span> <span class='ocrx_word' id='word_1_385' title='bbox 435 4634 635 4717; x_wconf 91' lang='lat' dir='ltr'>pensionum,</span> <span class='ocrx_word' id='word_1_386' title='bbox 659 4633 877 4716; x_wconf 82' lang='lat' dir='ltr'>assignacione</span> <span class='ocrx_word' id='word_1_387' title='bbox 898 4639 1071 4718; x_wconf 76' lang='lat' dir='ltr'>carriacum,</span> <span class='ocrx_word' id='word_1_388' title='bbox 1092 4637 1295 4722; x_wconf 88' lang='lat' dir='ltr'>dispositione</span> <span class='ocrx_word' id='word_1_389' title='bbox 1311 4638 1487 4704; x_wconf 85' lang='lat' dir='ltr'>officiorum</span> 
     </span>
    </p>
   </div>
   <div class='ocr_carea' id='block_1_5' title="bbox 0 0 1768 5209">
    <p class='ocr_par' dir='ltr' id='par_1_5' title="bbox 0 0 1768 5209">
     <span class='ocr_line' id='line_1_44' title="bbox 0 0 1768 5209; baseline 0 2"><span class='ocrx_word' id='word_1_390' title='bbox 0 0 1768 5209; x_wconf 95' lang='lat' dir='ltr'> </span> 
     </span>
    </p>
   </div>
  </div>
 </body>
</html>
