3525 5209
261 373 295 427 50
622 373 895 445 Geschiolrtaquellen
914 375 963 431 der
980 376 1060 431 Prov.
1074 376 1204 436 Saohsen.
1240 391 1244 398 ·

260 544 355 605 quern
384 545 402 587 a
432 524 529 587 nobili
552 525 620 589 viro
646 526 831 591 Hermanno
863 528 977 591 comite
1003 530 1035 590 in
1060 528 1201 613 Glychen
1229 536 1314 592 tenet
1341 532 1372 593 in
1397 530 1500 609 feodo,
1524 532 1563 593 de

261 624 340 685 scitu
363 628 394 685 et
415 621 577 687 voluntate
600 624 728 707 predicti
750 626 870 689 donrini
891 626 1015 688 comitis
1037 626 1167 708 provido
1189 630 1256 690 viro
1276 627 1405 691 Nicolao
1427 630 1465 692 de
1487 629 1561 709 idyl-

259 719 556 802 brechtisgehoven,
585 724 678 785 uxori
707 730 738 785 et
767 722 935 786 heredibus
956 725 1023 786 suis
1047 743 1102 807 pro
1123 732 1207 788 certa
1231 728 1365 809 pecunie
1388 728 1563 809 quantitate

258 817 317 880 sibi
347 818 539 902 integraliter
559 818 676 897 solute,
701 820 770 883 iure
791 821 977 884 hereditario
1000 821 1179 885 habendum
1200 830 1231 886 et
1251 824 1379 906 pacifice
1400 824 1562 907 possiden-

258 916 350 993 dum,
378 918 436 979 rite
462 920 493 979 et
521 916 748 981 rationabiliter
777 919 975 998 vendidisse,
998 921 1044 983 sic
1066 920 1149 1003 quod
1172 921 1310 1003 prefatus
1330 920 1480 984 Nicolaus
1507 928 1562 984 aot

256 1015 357 1097 ipsius
378 1014 508 1078 heredes
532 1034 632 1077 unum
654 1015 790 1078 solidum
813 1016 1014 1080 denariorum
1032 1016 1270 1081 Erfordensium
1294 1038 1418 1101 semper
1430 1021 1465 1082 in
1481 1019 1560 1082 festo

256 1110 284 1173 b.
298 1110 482 1175 Michahelis
501 1114 628 1175 nomine
645 1132 760 1177 census
778 1115 957 1177 hereditarii
974 1115 1091 1198 prefato
1103 1115 1235 1178 Iohanni
1246 1118 1380 1180 autsuis
1391 1116 1561 1180 heredibus

255 1209 379 1273 solvant
406 1212 585 1289 annuatim,
613 1213 798 1293 promittens
826 1212 907 1275 idem
930 1212 1088 1276 Iohannes
1112 1234 1167 1297 pro
1189 1234 1223 1276 se
1249 1221 1280 1276 et
1302 1216 1368 1277 suis
1390 1214 1560 1278 heredibus

255 1298 430 1388 predictum
464 1328 611 1371 mansum
638 1329 785 1391 processu
813 1311 963 1393 temporis
990 1320 1022 1373 et
1049 1312 1305 1394 quandocunque
1332 1332 1412 1394 opus
1437 1316 1560 1391 existet,

256 1404 334 1468 valle
360 1413 391 1468 at
412 1405 525 1469 debere
545 1408 687 1470 conterre
707 1408 844 1490 predicto
866 1410 937 1471 iure
955 1410 1141 1473 hereditario
1163 1410 1339 1473 secundnm
1360 1411 1412 1473 ius
1432 1416 1464 1474 et
1484 1431 1559 1474 con-

254 1503 453 1567 suetudinem
482 1505 617 1567 civitatis
638 1504 854 1584 Eriordensis,
879 1508 925 1569 sio
954 1507 1039 1588 quod
1063 1526 1118 1589 pro
1138 1508 1350 1588 resignatione
1371 1528 1436 1570 uno
1458 1509 1558 1573 solido

253 1606 284 1661 et
304 1620 359 1683 pro
380 1601 546 1664 collatione
573 1603 715 1685 quinque
736 1603 845 1665 solidis
866 1604 1068 1667 denariorum
1090 1604 1329 1667 Eriordensium
1348 1612 1559 1686 contentetur,

252 1698 349 1760 nichil
370 1699 507 1781 amplius
528 1706 720 1782 recepturus.
754 1700 861 1763 Testes
883 1702 996 1765 borum
1018 1710 1094 1765 sunt
1113 1701 1311 1765 honorabiles
1332 1704 1392 1765 viri
1408 1704 1558 1767 dominus

253 1794 404 1859 Albertus
436 1798 571 1859 vicarius
598 1804 703 1861 nostre
723 1798 852 1861 ecclesie
874 1800 1025 1881 predicte,
1055 1800 1204 1863 dominus
1224 1799 1432 1864 Theodericus
1452 1802 1557 1865 dictus

252 1890 320 1955 Bolr
345 1896 520 1958 sacerdotes
547 1902 577 1957 et
599 1897 647 1957 vir
665 1902 815 1958 strenuus
835 1896 960 1959 Ulricus
977 1895 1191 1977 deVolcstete,
1207 1898 1302 1961 frater
1319 1898 1556 1964 dictilohaunis

118 1990 123 1999 '
251 1989 289 2052 de
305 1990 475 2067 Volostete,
503 1998 533 2055 et
560 1994 619 2055 viri
646 1993 815 2075 prudentes
837 1993 987 2056 Albertus
1008 1995 1111 2057 dictus
1134 2014 1206 2058 curn
1231 1994 1344 2073 Matre,
1371 1996 1556 2063 Guntherus

251 2087 354 2151 dictus
375 2088 443 2151 Bnlr
466 2098 496 2152 et
516 2088 632 2153 'litzelo
654 2090 692 2154 de
704 2090 871 2155 Wizzense
892 2091 978 2155 ciras
998 2091 1204 2156 Eriordenses
1223 2098 1254 2156 et
1275 2094 1480 2177 quamplures
1501 2096 1555 2159 alii

250 2185 310 2248 fide
338 2188 432 2267 digni.
475 2187 510 2248 ln
543 2207 679 2265 quorum
707 2189 924 2251 testimonium
952 2190 1094 2270 sigillum
1122 2198 1266 2255 nostrum
1287 2193 1487 2275 presentibus
1507 2203 1557 2259 ast

249 2304 432 2368 appensum.
477 2283 594 2348 Datum
628 2306 711 2348 auno
733 2284 863 2349 Domini
895 2285 1555 2358 Μ.000.Χ111111.,111111111111111

249 2382 386 2464 episcopi
409 2388 439 2445 et
459 2385 655 2447 contessoris

250 2587 361 2671 1323.
388 2588 557 2670 1111111111·
582 2590 642 2672 21.
1490 2568 1554 2678 73.

349 2724 533 2789 Fredericus
549 2733 580 2790 et
595 2727 801 2791 Hermannns
817 2728 939 2802 iratres
956 2726 1016 2790 Dei
1030 2732 1130 2809 gratia
1147 2732 1277 2793 comites
1294 2732 1332 2793 de
1349 2731 1551 2813 Orlamunde,

348 2822 510 2898 beliorum,
533 2824 608 2886 dass
628 2826 781 2888 honestus
802 2827 850 2887 vir
864 2824 1073 2889 Theodericus
1094 2826 1132 2889 de
1144 2826 1305 2910 Vipbeche
1324 2828 1391 2889 dem
1407 2826 1552 2893 Ibooisor

348 2920 402 2983 des
436 2920 743 3001 lilortinshospitoks
773 2923 807 2983 io
837 2920 969 3000 Erfurt,
1002 2922 1186 2987 (lantherus
1215 2926 1254 2986 de
1283 2928 1445 3007 Arnstete,
1475 2930 1551 2990 awci

345 3016 497 3099 Erfurler
508 3018 629 3082 Malter
648 3018 839 3081 Ermaia-ios
855 3040 917 3081 aas
932 3020 1018 3081 einer
1031 3019 1120 3100 Haase
1132 3040 1174 3083 ao
1185 3020 1550 3106 Margreten-Vipbeche,

345 3116 426 3178 oracli
447 3116 671 3197 Vydilnhusen
691 3120 839 3195 9111111111,
861 3114 919 3195 fiir
943 3120 963 3179 9
983 3115 1084 3179 Morio
1105 3116 1203 3180 Silber
1223 3118 1370 3198 omkouft
1389 3120 1457 3195 aar,
1479 3124 1550 3183 aad

344 3214 389 3276 sie
402 3215 512 3292 eipocn
527 3214 578 3275 ‹o'e
588 3212 677 3293 Hafa
697 3214 765 3275 don
785 3218 963 3292 paronnam
974 3213 1138 3294 Hospitale
1156 3216 1214 3276 mit
1228 3214 1390 3279 Verbeliolt
1400 3218 1453 3279 des
1468 3221 1548 3284 iuris

344 3312 492 3375 colonarii
516 3314 569 3373 dos
592 3311 793 3391 stridulum,
825 3312 879 3372 der
906 3310 965 3373 dea
988 3310 1066 3373 Zios
1086 3313 1152 3391 oaf
1167 3313 1270 3389 eipeoe
1291 3313 1409 3375 Kasion
1433 3316 1468 3377 in
1489 3317 1550 3379 dos

345 3407 493 3487 Hospitol
513 3430 555 3471 aar
576 3408 687 3487 lietera
707 3409 770 3470 hot.

325 3522 467 3604 Zeaaperr:
497 3524 657 3588 chricus
684 3526 786 3588 dictus
813 3525 938 3607 Hopley
966 3527 1069 3603 miles,
1092 3525 1252 3590 Henrious
1277 3529 1316 3589 de
1336 3528 1547 3608 Baldensteta,

243 3620 449 3686 Hermannus
480 3622 517 3683 de
545 3622 758 3699 Baldenstete,
787 3622 946 3685 Henricus
972 3622 1011 3685 de
1038 3622 1160 3686 Gebese
1184 3625 1263 3688 civis
1288 3625 1488 3692 Erfordensis
1515 3636 1547 3693 et

243 3716 393 3782 Albertus
410 3720 448 3782 de
462 3718 582 3783 Rornde
606 3721 683 3782 civis
705 3719 821 3782 ibidem
843 3739 917 3782 cum
939 3719 1009 3783 aliis
1030 3719 1175 3801 pluribus
1195 3722 1257 3785 fide
1280 3721 1392 3806 dignis.

320 3814 437 3879 Datum
464 3836 547 3879 anno
567 3815 696 3879 Domini
719 3814 996 3896 M⁰OCC⁰XXIX⁰,
1017 3818 1048 3879 in
1072 3818 1122 3880 die
1145 3816 1235 3883 beate
1256 3821 1390 3903 Agnetis
1411 3824 1545 3905 virginis

239 3923 269 3976 et
290 3916 426 3977 martiris
446 3914 589 3998 gloriose.

391 4012 435 4065 Or.
458 4012 505 4065 mit
525 4016 540 4064 1
559 4012 586 4069 S.
605 4013 643 4065 im
661 4012 742 4069 111,

241 4186 352 4271 1323.
380 4187 498 4268 11311
525 4186 588 4269 23.
1478 4194 1541 4276 14.

340 4324 502 4387 Conradus
531 4324 634 4387 dictus
661 4324 767 4407 Capua
797 4325 835 4387 de
859 4324 974 4387 Tanna
1002 4326 1137 4407 armiger
1158 4325 1227 4387 una
1247 4332 1439 4411 isentrudis,
1460 4331 1543 4394 Ebe-

337 4420 431 4495 lente,
462 4420 632 4503 omkaufco
664 4420 731 4483 eine
757 4420 846 4483 balbo
874 4419 965 4501 Hufe
987 4420 1159 4483 Artloodes
1190 4423 1315 4501 eipenea
1342 4424 1471 4490 Larodes
1499 4449 1542 4493 111

336 4518 531 4601 Riienheim,
557 4524 697 4599 pertonat
725 4518 967 4601 Moytheuoten,
996 4518 1052 4581 der
1081 4518 1341 4585 Matthioslairche
1369 4524 1402 4587 io
1422 4525 1542 4605 21111111
