3525 5209
488 398 718 456 Urkundcnbuch
736 399 786 454 dcr
803 398 887 453 staua
904 397 1011 453 Erfurt.
1046 398 1087 456 11.
1104 397 1191 456 Thcil.
1461 401 1496 455 69

185 568 348 628 concesse,
369 550 579 630 ratificamus
607 550 818 633 approbamus
849 554 880 613 et
911 551 1064 632 presentis
1089 549 1196 631 scripti
1222 551 1394 632 patrocimo
1421 570 1496 613 con-

186 648 366 712 firmamus.
399 648 485 711 Nulli
507 667 581 731 ergo
602 650 733 712 omnino
754 648 919 711 bominum
941 647 1033 709 liceat
1049 647 1130 709 banc
1148 653 1254 709 nostre
1269 646 1495 725 ratificationis,

186 746 424 829 approbationis
445 752 477 809 at
496 746 749 810 confirmacionis
769 744 903 827 gratiam
924 743 1095 825 infringere
1112 745 1162 807 vel
1177 747 1205 807 ei
1227 764 1309 808 ausu
1330 748 1496 809 temerario

185 846 358 923 canusina,
391 844 476 927 quod
508 846 562 926 qui
590 844 691 907 facere
717 842 956 925 presumpserit,
980 862 1109 923 gravem
1138 848 1242 907 nostre
1268 843 1496 925 indignationis

186 961 303 1024 penam
332 951 362 1005 et
388 942 541 1005 offensam
568 961 602 1005 sc
634 942 756 1004 noverit
782 941 996 1003 incursurum.
1038 939 1077 1003 Iu
1097 942 1191 1003 cuius
1212 942 1257 1003 rei
1279 942 1495 1005 testimonium

186 1046 349 1122 presentes
381 1038 536 1103 conscribi
562 1044 593 1102 ct
622 1044 727 1101 nostre
758 1037 928 1101 maiestatis
969 1037 1070 1119 sigillo
1107 1040 1261 1103 iussimus
1294 1042 1495 1103 communiri.

186 1136 306 1201 Datum
319 1136 476 1214 Monacffl,
491 1137 648 1199 dominica
658 1136 829 1209 invocavit
849 1154 935 1197 auno
947 1132 1076 1197 Domini
1093 1135 1261 1199 millesimo
1276 1139 1496 1201 trecentesimo

186 1237 357 1313 tricesimo,
377 1235 466 1318 regui
487 1236 587 1297 nostri
609 1254 692 1297 anno
715 1232 936 1311 sextodecimo,
956 1232 1079 1314 imperii
1102 1252 1176 1297 vcro
1195 1236 1299 1299 tercio.

190 1472 308 1554 raso.
337 1472 464 1574 spru
495 1473 553 1554 ra.
581 1470 812 1553 irenam.
1430 1443 1496 1557 su.

291 1624 436 1706 Ludwip,
451 1624 616 1689 rim-iscber
626 1624 753 1700 Kaisar,
776 1624 907 1687 schreibt
926 1624 986 1687 dea
998 1622 1128 1687 Sidrllea
1138 1625 1263 1707 Erfurt,
1279 1624 1496 1691 Miiblbauscn

289 1722 359 1785 aad
379 1721 605 1800 Noruaaasaa
626 1723 700 1785 dass
719 1743 752 1785 cr
771 1723 887 1785 scincus
908 1721 1168 1802 marmorala,
1198 1722 1267 1785 dem
1287 1723 1497 1804 Lundprcscn

290 1820 457 1885 Friedrich
477 1842 535 1885 vora
560 1820 756 1901 ibdrinpaa,
785 1818 846 1882 ulle
876 1821 910 1881 ia
933 1818 1135 1897 Phidiacae,
1167 1820 1308 1883 Meisscn
1333 1822 1403 1884 aad
1428 1822 1498 1885 dem

294 1916 476 1981 Osterlandc
495 1918 699 1997 mlirrdlicbea
720 1918 829 1983 Jaden
856 1917 924 1997 auf
940 1917 1116 1981 Ιώωιεεεὶέ
1135 1919 1296 1997 pasclrcnlcl
1327 1918 1405 1982 baba
1429 1921 1498 1983 arad

289 2015 428 2078 camalet
448 2016 509 2079 den
528 2020 707 2095 pascuatam
729 2016 867 2091 Stddtara
891 2015 955 2078 iiam
973 2016 1020 2078 bei
1041 2014 1240 2094 Einaiebunp
1261 2015 1317 2078 der
1337 2016 1497 2097 bctrcffca-

290 2112 351 2175 dan
371 2112 603 2177 Juaeasreaera
624 2114 797 2183 kinderlicb
817 2134 858 2177 aa
879 2114 956 2177 seia.

345 2246 389 2299 Or.
409 2246 446 2298 im
464 2246 525 2315 Kpl.
539 2246 572 2299 G.
583 2246 620 2300 Sl.
633 2246 667 2299 A.
682 2264 717 2299 rra
736 2246 866 2304 Dresdara.

343 2314 488 2384 Radolpbi,
511 2316 600 2370 Gotbu
615 2316 679 2384 ἀέρι.
702 2316 730 2380 V,
754 2318 782 2369 S.
791 2321 852 2371 209.

341 2384 467 2454 Herqaet,
491 2387 541 2441 ΠΒ
565 2386 591 2440 d.
611 2387 736 2441 Reicbsst.
753 2388 939 2440 Mdblbaaacn
957 2386 1077 2444 Nraar.
1099 2386 1192 2456 ΘΜ,
1205 2388 1249 2442 Pr.
1264 2389 1300 2455 S.‚
1318 2388 1379 2453 III,
1398 2390 1425 2445 S.
1436 2394 1495 2445 399.

272 2507 470 2587 Ludonicns
494 2508 551 2572 Dei
577 2512 683 2593 gracia
713 2510 928 2573 Romanorum
965 2511 1135 2593 imperator
1162 2529 1286 2593 semper
1332 2517 1498 2595 augustus,

187 2606 399 2690 prudentibus
420 2608 496 2669 viris
512 2654 536 2668 ..
554 2610 711 2691 magistris
722 2609 849 2686 civium,
861 2657 866 2669 .
878 2657 884 2670 .
897 2608 1081 2693 scultetis..
1094 2608 1246 2671 ministris
1262 2614 1293 2671 ct
1313 2609 1497 2674 consulibus

189 2705 350 2769 universis
370 2708 402 2768 in
427 2702 598 2785 Ertiordia
624 2704 795 2769 Mulbuscn
821 2712 851 2769 et
877 2708 910 2768 in
932 2706 1115 2769 Northusen
1142 2706 1338 2787 oppidorum,
1369 2709 1437 2769 suis
1468 2714 1499 2771 et

188 2804 315 2887 imperii
327 2801 474 2867 fidelibus
490 2804 621 2883 dilectis,
642 2805 780 2886 graciam
799 2825 889 2867 suam
912 2809 944 2867 et
963 2822 1058 2867 omne
1079 2802 1206 2866 bonum.
1240 2802 1320 2867 Cum
1342 2805 1498 2869 illustrem

190 2902 396 2976 Fridericunr,
423 2901 633 2983 lantgravium
656 2900 826 2984 Duriugic,
854 2900 1065 2981 Myssineusis
1090 2908 1121 2963 ct
1148 2902 1317 2965 Orientalis
1342 2908 1496 2966 terrarum

190 3000 403 3063 marchionem
425 2998 655 3081 dominumque
677 2999 917 3079 Plyssnenscm‚
936 3018 1089 3081 generum
1113 3007 1256 3062 nostrum
1285 3000 1498 3081 karissimum,

190 3116 288 3180 quem
311 3104 417 3159 nostor
437 3096 567 3159 allectus
587 3096 713 3180 speciali
734 3097 898 3160 allectione
921 3096 1139 3179 complectitur
1165 3103 1290 3180 proptor
1318 3116 1375 3160 sue
1397 3098 1497 3161 fideli·

189 3196 264 3257 tatis
287 3201 319 3258 et
339 3194 528 3257 excellencie
552 3195 631 3257 benc
654 3196 764 3257 merita
789 3215 825 3257 ac
852 3196 1050 3277 prerogativa
1070 3197 1187 3276 gracie,
1213 3214 1255 3258 ex
1276 3195 1365 3259 solite
1386 3196 1495 3281 benig·

191 3294 301 3355 nitatis
322 3298 429 3355 nostre
452 3293 622 3355 clemencia
643 3292 855 3355 favorabiliter
876 3292 1063 3355 duxerimus
1084 3292 1309 3371 decorandum,
1330 3298 1366 3356 ut
1386 3314 1498 3359 omncs

190 3390 309 3453 Iudeos
329 3396 360 3453 et
380 3390 533 3472 singulos,
555 3391 587 3452 in
609 3389 819 3473 lantgraviatu
843 3388 1008 3471 Duringia
1039 3388 1248 3469 Myssiuensis
1277 3396 1307 3453 et
1328 3390 1497 3458 Orientalis

190 3495 347 3551 terrarum
375 3486 654 3567 marchyonatibus
675 3488 822 3570 predictis
842 3508 877 3549 ac
905 3489 1019 3550 vestris
1038 3487 1116 3551 locis
1132 3494 1164 3550 et
1179 3489 1301 3571 oppidis
1318 3493 1497 3574 prescriptis

192 3584 325 3648 ubilibet
347 3586 543 3660 constitutos,
565 3586 632 3649 vice
654 3592 685 3647 et
706 3593 812 3648 nostro
834 3586 964 3648 nomine
984 3591 1015 3647 ct
1035 3587 1159 3668 imperii
1180 3586 1321 3649 detinere
1340 3608 1376 3649 ac
1397 3594 1497 3670 possi·

192 3682 277 3761 dero,
299 3681 338 3745 ab
361 3683 440 3764 ipsis
461 3701 589 3764 quoque
611 3688 714 3747 sturas
736 3702 791 3745 seu
814 3682 967 3760 collectas
985 3682 1079 3746 nobis
1098 3690 1130 3747 ot
1149 3685 1281 3767 imperio
1302 3686 1365 3749 iam
1387 3687 1497 3753 multis

192 3781 286 3843 annis
302 3780 468 3862 neglectas,
490 3779 610 3843 solvere
631 3786 663 3844 et
683 3780 786 3844 adhuc
807 3780 1028 3862 persolvendas
1051 3782 1207 3863 usquead
1224 3785 1496 3847 suevitcexitum

194 3880 332 3960 recipere
359 3876 471 3941 debeat
507 3884 602 3960 atque
634 3880 731 3961 possit
757 3898 793 3941 ac
819 3898 946 3941 omnem
974 3879 1223 3943 iurisdictionem
1253 3886 1285 3943 et
1309 3881 1497 3962 dominium,
1564 3951 1566 3953 ,

193 3978 278 4059 qnod
290 3976 455 4045 Romanus
470 3996 525 4040 rex
548 3996 605 4040 sou
625 3978 794 4057 imperator
814 3978 848 4038 iu
871 3977 948 4058 ipsis
969 3976 1089 4039 obtinet
1108 3996 1145 4039 ac
1166 3980 1266 4040 ociam
1287 3998 1382 4062 super
1403 3981 1496 4061 ipsos,

192 4095 267 4139 cum
299 4074 494 4137 subiectione
524 4073 629 4137 debita
648 4082 679 4139 et
708 4075 865 4157 condigna
887 4063 993 4138 veluti
1007 4076 1147 4157 ipsorum
1179 4075 1328 4139 dominus
1361 4079 1496 4141 retinere

192 4171 304 4237 debeat
321 4180 352 4236 et
370 4174 469 4235 eciam
485 4192 645 4251 exercerc,
675 4172 833 4235 dilectioni
849 4179 952 4236 vestre
970 4172 1117 4251 districtc,
1137 4175 1235 4237 immo
1256 4174 1496 4255 districtissimo,

193 4270 254 4335 sub
276 4290 357 4352 pena
380 4270 607 4351 indignationis
629 4278 734 4334 nostre
756 4270 953 4353 precipiendo
976 4271 1179 4346 mandamus,
1207 4278 1366 4351 qnatenus
1387 4278 1495 4336 nostro

192 4388 229 4431 ac
255 4370 335 4431 iuris
364 4368 482 4431 intuitu
503 4368 587 4431 dicta
613 4369 815 4431 concessione
843 4369 1056 4431 marchionem
1083 4368 1238 4450 prefatum
1259 4390 1356 4451 super
1380 4369 1496 4433 Iudeos

194 4468 227 4528 in
257 4466 334 4529 locis
361 4473 392 4529 et
417 4466 539 4549 oppidis
570 4467 683 4529 vestris
714 4466 933 4549 suprascriptis
966 4465 1061 4528 libcre
1092 4473 1123 4529 et
1154 4467 1223 4529 sinc
1249 4466 1495 4531 contradictione

193 4563 333 4649 qualibet
347 4566 443 4627 utiac
463 4565 557 4627 etiam
578 4565 670 4647 potiri
693 4564 869 4646 paciamini,
889 4564 1004 4646 ipsum,
1024 4584 1097 4627 cum
1119 4564 1252 4628 servicia
1271 4584 1329 4628 seu
1341 4564 1494 4648 obsequia
