3525 5209
485 369 713 427 Urkundenbuch
731 372 780 427 der
798 370 882 427 Stadt
901 372 1008 426 Erfurt.
1046 371 1084 431 11.
1097 371 1182 427 Theil.
1435 374 1486 427 623

181 520 291 603 1381.
321 521 576 623 September
603 524 666 605 16.
695 524 859 607 llrfurt.
1390 524 1485 609 843.

280 659 398 740 Adolf,
419 660 608 741 Erebiscbof
623 681 681 725 oon
703 661 836 739 Marna,
858 660 957 724 erter'lt
979 662 1039 723 den
1061 660 1210 741 Bdrpern
1231 680 1272 723 en
1289 660 1406 741 Erfnrl
1427 660 1486 723 das

279 757 500 838 Pririlepinm‚
536 759 612 822 dass
634 760 679 823 sie
699 780 756 822 ron
788 760 895 823 selben
923 758 1071 822 Richtern
1100 759 1185 822 nield
1214 780 1267 821 cor
1296 759 1487 839 answdrtipe

282 856 425 919 Gericbte
448 876 577 938 pezopen
602 859 724 921 werden
745 857 857 938 selden,
886 878 919 921 so
945 856 1036 937 inape
1056 858 1101 921 sie
1120 878 1173 920 vor
1194 858 1262 920 dem
1283 858 1429 921 Prorlmr
1450 859 1486 921 in

280 954 398 1034 Erfurt
415 952 513 1018 Redit
530 955 617 1019 nicbt
636 956 831 1035 verweiperaa

330 1070 575 1140 Inproeentnrbncb
592 1072 643 1127 due
661 1074 804 1139 bbzetifies
823 1073 919 1127 braine
937 1072 992 1138 IX,
1013 1072 1040 1130 S.
1048 1076 1100 1125 318
1113 1073 1150 1126 im
1164 1071 1440 1142 Kythera-Archia
1451 1092 1486 1127 ru

385 1160 541 1229 Wdrrbnrp.

340 1248 517 1314 Wrirdtwein,
525 1249 601 1302 Dior.
612 1250 686 1318 May.
697 1250 728 1301 in
745 1250 819 1302 areb.
830 1249 891 1303 deal.
902 1248 948 1315 X„
959 1248 986 1303 S.
996 1252 1056 1304 265.

266 1352 402 1417 Adolfus
429 1352 488 1417 Dei
515 1357 616 1437 gratia
643 1356 720 1419 etc.1
748 1354 956 1438 prudentibus
984 1360 1015 1417 et
1044 1354 1186 1418 discretis
1212 1356 1289 1418 viris
1319 1358 1486 1438 magistris,

183 1451 369 1515 consulibus
398 1453 518 1535 totique
553 1454 750 1516 universitati
784 1453 919 1516 civitatis
959 1450 1163 1517 Erfurdensis
1198 1452 1344 1517 fidelibus
1370 1458 1485 1519 nostris

60 1543 63 1549 ’
183 1548 304 1612 dilectis
328 1551 459 1631 gratiam
483 1558 514 1613 et
535 1570 628 1614 omne
651 1550 779 1614 boumn.
810 1549 911 1613 Vobis
931 1550 1133 1614 concedimus
1156 1557 1186 1615 et
1209 1571 1249 1614 ex
1270 1554 1374 1617 causis
1394 1556 1487 1616 ratio-

182 1646 353 1725 nabilibus,
382 1667 440 1711 uos
462 1649 501 1711 ad
524 1648 814 1726 removentibus,
837 1647 1036 1731 presentibus
1058 1648 1271 1731 indulgemus,
1294 1650 1378 1733 quod
1399 1657 1487 1715 extra

182 1747 340 1809 civitatem
367 1744 595 1810 Erfurdeusem
624 1746 705 1808 trahi
732 1765 785 1828 per
813 1746 936 1828 aliquos
968 1746 1060 1809 nobis
1087 1745 1243 1811 subiectos
1268 1748 1388 1811 iudices
1420 1770 1484 1813 nou

183 1846 321 1927 posside,
342 1844 396 1907 sed
418 1845 471 1927 qui
494 1852 602 1907 contra
626 1864 680 1907 vos
698 1850 753 1906 aut
772 1851 893 1907 vestros
914 1847 1125 1908 communiter
1148 1846 1197 1908 vel
1216 1846 1341 1909 divisim
1363 1849 1394 1909 in
1417 1848 1485 1911 iure

183 1944 318 2025 experiri
339 1942 488 2022 voluerit,
517 1942 607 2005 adeat
627 1943 820 2025 provisorem
845 1942 950 2005 allodii
973 1943 1072 2005 nostri
1092 1942 1307 2019 Erfurdensis,
1335 1964 1430 2027 quem
1452 1947 1484 2007 iu

182 2040 240 2103 hac
253 2046 347 2121 parte,
370 2041 513 2103 etesium
530 2039 568 2102 de
592 2061 655 2123 quo
675 2060 731 2102 vos
752 2047 783 2103 et
805 2042 899 2103 vestri
924 2040 1067 2103 similiter
1088 2043 1239 2124 conqueri
1262 2042 1426 2121 voluerint,
1452 2044 1485 2107 in

183 2138 318 2201 iudicem
354 2138 543 2221 deputamus
573 2146 602 2201 et
630 2140 658 2201 ei
694 2140 935 2217 committimus,
969 2148 1004 2201 ut
1031 2140 1061 2201 in
1093 2140 1198 2201 causis
1222 2139 1284 2202 illis
1307 2160 1362 2223 per
1382 2160 1414 2203 se
1436 2141 1484 2205 vel

183 2255 237 2319 per
263 2236 361 2298 alium
393 2236 528 2316 iustum,
554 2241 590 2298 ut
616 2237 736 2299 iustum
758 2236 865 2315 fuerit,
890 2238 1073 2300 auctoritate
1094 2243 1202 2299 nostra
1224 2238 1370 2319 procedet
1391 2239 1486 2301 eccle·

183 2332 340 2397 siasticam
371 2352 426 2417 per
461 2353 636 2397 censuram.
686 2334 791 2397 Testes
822 2354 958 2418 quoque,
992 2335 1046 2416 qui
1084 2335 1237 2397 nominati
1268 2340 1358 2413 sunt,
1395 2338 1421 2398 si
1453 2356 1485 2398 se

182 2433 291 2514 gretia,
313 2432 384 2493 odio
407 2432 458 2494 vel
479 2434 591 2495 timore
612 2430 834 2510 subtraxerint,
856 2452 991 2496 censura
1013 2432 1380 2495 consimili....veriteti
1402 2436 1486 2497 testi-

182 2530 325 2593 monium
347 2529 527 2613 perhibere,
553 2529 732 2594 inhibentes
754 2532 851 2593 eciam
874 2528 1024 2593 omnibus
1045 2537 1077 2593 et
1097 2530 1231 2613 singulis
1251 2530 1394 2613 plebanis
1415 2551 1486 2614 cap·

182 2628 333 2711 pellarum
358 2647 414 2691 seu
436 2629 640 2691 ecclesiarum
661 2627 836 2691 rectoribus
856 2628 948 2691 nobis
970 2627 1133 2705 subiectis,
1153 2647 1193 2691 ne
1215 2628 1321 2711 aliqua
1340 2630 1486 2693 mandata

182 2726 233 2788 vel
255 2726 374 2789 litteras
396 2733 504 2789 contra
525 2726 695 2808 predictam
711 2732 851 2789 nostram
868 2728 1103 2789 concessionem
1119 2727 1486 2810 quorumcunquenobis

183 2823 396 2887 subiectorum
418 2823 559 2887 iudicum
583 2826 735 2907 recipiant
756 2825 804 2887 vel
826 2822 1061 2907 quomodolibet
1083 2830 1298 2907 exequantur,
1320 2844 1378 2887 nos
1393 2826 1485 2905 enim,

183 2924 209 2984 si
232 2941 323 2985 secus
343 2943 361 2985 a
383 2941 544 3005 quoquam
567 2929 676 2985 contra
698 2923 779 2985 hanc
800 2929 940 2986 nostrum
963 2923 1198 2985 concessionem
1217 2929 1248 2985 et
1265 2921 1485 2989 inhibitionem

182 3025 400 3103 attemptatum
441 3020 551 3100 fuerit,
589 3020 788 3084 decernimus
819 3020 944 3083 irritum
977 3026 1008 3082 et
1043 3021 1150 3099 inane,
1188 3020 1389 3103 presentibus
1417 3028 1487 3105 post

182 3126 322 3181 nostram
345 3120 576 3181 revocationem
599 3119 731 3182 minime
752 3117 905 3181 valituris.
949 3117 1066 3181 Datum
1086 3117 1231 3181 Erfordie
1250 3118 1326 3181 feria
1348 3120 1485 3183 secundo

183 3224 253 3299 post
274 3216 356 3279 diem
379 3215 578 3280 exaltationis
601 3236 623 3279 s.
646 3218 757 3279 crucis.
800 3218 895 3279 Anno
918 3214 1047 3279 Domini
1071 3214 1196 3280 MCCC.
1208 3214 1360 3279 LXXXI.

256 3335 261 3360 ¹
281 3334 316 3385 So
333 3334 364 3385 in
381 3333 428 3385 der
447 3332 515 3385 Hei.

184 3509 292 3591 1381.
322 3508 573 3610 September
601 3508 661 3590 16.
688 3508 852 3595 llrlurt.
1043 3498 1048 3517 ⁵
1390 3510 1483 3591 844.

283 3662 397 3744 Adolf,
421 3661 607 3744 Erabr'scbof
621 3681 679 3725 von
702 3660 831 3738 Moira,
853 3660 953 3724 entelli
972 3660 1028 3723 der
1049 3660 1140 3724 snae
1163 3661 1282 3743 Erj'nrt
1303 3662 1361 3724 (los
1382 3664 1486 3726 Priui-

288 3760 415 3839 lepium,
440 3762 516 3823 dass
543 3761 588 3822 sie
615 3760 693 3824 abne
712 3760 797 3823 seiae
817 3758 993 3823 Erlanbnis
1014 3778 1072 3821 von
1093 3757 1152 3821 den
1178 3758 1242 3821 a'bm
1263 3761 1485 3840 unterpebenen

289 3856 438 3921 Richtern
458 3858 544 3921 nicbt
563 3859 621 3921 mit
641 3858 708 3920 dem
730 3857 886 3920 Interdild
906 3856 999 3936 belepl
1020 3858 1143 3920 werden
1165 3857 1266 3939 diirfe.

332 3974 573 4098 Ilffllllalbldrm
593 3974 638 4027 dea
657 3974 800 4041 Errstiflee
818 3973 914 4027 Maior
932 3972 987 4031 IX.
998 3974 1086 4028 &313
1105 3975 1142 4027 im
1161 3974 1224 4042 Kpl.
1236 3974 1433 4029 Kree-Archiv·
1451 3994 1485 4030 ,en

421 4062 470 4098 urz
518 4062 543 4114 p.

264 4151 408 4214 Adolffus
430 4150 488 4215 Dei
516 4154 617 4234 gratia
647 4155 723 4214 eto.¹
754 4152 917 4234 cupientes
947 4151 1055 4215 fideles
1083 4150 1213 4215 dilectos
1244 4161 1369 4215 nostros
1399 4154 1484 4217 cives

182 4248 406 4328 Erfurdenses,
432 4252 487 4332 qui
509 4252 625 4313 nostris
653 4249 785 4313 ubilibet
809 4268 864 4332 pre
891 4249 1040 4313 omnibus
1061 4250 1131 4312 aliis
1151 4250 1322 4313 intendunt
1343 4252 1484 4315 serviciis

182 4353 212 4410 et
238 4348 276 4410 ad
305 4346 424 4410 bouum
447 4355 565 4411 statum
599 4354 679 4413 terre
708 4347 879 4430 Thuringie
909 4348 1122 4411 indesinenter
1150 4346 1301 4428 laborant,
1329 4349 1483 4412 honorare

181 4464 237 4528 pre
262 4447 373 4509 ceteris
397 4448 594 4529 prerogativa
615 4452 646 4509 et
666 4447 766 4529 gratia
786 4445 924 4528 speciali,
946 4447 1023 4528 ipsis
1044 4445 1265 4528 indulgemuS,
1301 4452 1336 4509 ut
1356 4467 1375 4510 e
1395 4445 1483 4509 nullo

181 4542 287 4606 iudice
311 4543 403 4607 nobis
429 4544 580 4625 subiecto,
607 4544 765 4607 ordinario
791 4543 841 4607 vel
862 4543 1011 4626 delegato,
1031 4562 1159 4607 exnunc
1180 4546 1214 4605 in
1233 4549 1325 4607 antea
1346 4544 1484 4627 predicto
