3525 5209
476 404 707 464 Urkundenbuch
726 405 776 461 der
794 402 876 461 stadt
894 402 999 460 Effert.
1037 399 1076 458 ΙΙ,
1088 396 1175 457 Theil.
1447 396 1482 451 29

169 564 266 627 burin
305 562 512 646 geezugnisse
543 560 627 623 unde
660 560 742 622 eirne
775 555 920 620 orkunde
948 553 1008 617 ulle
1038 551 1122 614 dirce
1151 550 1367 632 vorgeson'ben
1399 548 1482 612 rede.

169 660 241 725 Dan
269 663 312 725 ist
330 659 466 742 genehen
491 656 575 721 unde
595 658 678 719 dirre
700 655 766 718 brif
784 656 825 717 ist
844 652 985 734 gegeben
1009 651 1089 711 noch
1110 648 1206 711 Getes
1226 648 1355 730 geborte
1375 652 1483 710 tusent

168 762 234 839 ier,
267 756 447 821 drihundirt
478 757 526 816 ier
554 756 586 817 in
617 754 707 816 deme
728 752 819 815 seehs
841 749 926 812 nude
945 749 1191 830 czweuzigesteu
1219 748 1301 824 iore,
1328 765 1368 807 au
1391 745 1483 807 deme

169 858 324 919 nehesten
347 858 480 935 suntsge
501 872 558 914 vor
578 852 668 915 deme
690 848 890 913 uehcnenden
913 846 1024 927 daghe.

171 1024 290 1106 1326.
318 1021 488 1104 Jenuur
513 1020 575 1101 14.
1415 1010 1481 1092 43.

276 1156 343 1220 Der
366 1152 581 1237 propeteilictte
601 1150 731 1234 Ostieial
750 1151 804 1213 des
825 1149 1030 1229 Smmstities
1049 1149 1086 1211 in
1107 1146 1225 1228 Ersurt
1244 1148 1387 1224 menne,
1409 1150 1485 1213 dass

277 1256 447 1319 Heinricus
476 1254 514 1317 de
532 1252 635 1333 Wyda
663 1248 731 1312 need
751 1250 835 1310 scine
857 1248 951 1311 Fron
972 1246 1188 1328 Kuneguudis
1208 1246 1380 1327 cirrerseits,
1401 1249 1483 1312 Con-

277 1334 373 1417 radus
395 1353 433 1415 de
454 1351 573 1414 Remde
593 1347 662 1411 used
683 1347 799 1410 Henna
821 1344 906 1407 scine
926 1344 1026 1407 Frate.
1040 1344 1248 1407 andererseits
1275 1345 1366 1408 einen
1386 1344 1489 1427 Keos

277 1450 377 1513 eaesi
397 1446 623 1529 obposctrlossen
638 1444 746 1520 hohen,
769 1442 844 1505 cluss
857 1442 929 1522 jere
943 1441 994 1503 ein
1005 1439 1101 1503 Heus
1117 1443 1150 1504 in
1168 1442 1224 1505 der
1235 1443 1484 1527 Vingelergesse‚

275 1547 401 1611 welches
429 1546 498 1609 dem
527 1541 741 1606 Petersktester
775 1544 815 1603 10
837 1538 1005 1618 Schillieye
1030 1539 1176 1614 erbzinst,
1207 1541 1262 1621 [ἄν
1290 1544 1333 1605 10
1357 1540 1484 1605 Tatentc

282 1646 433 1724 Erfurter
467 1640 621 1723 Psermiye
650 1638 719 1701 und
752 1638 842 1700 einen
865 1635 1046 1716 jmrlehen
1079 1637 1161 1699 Zins
1191 1658 1249 1701 oon
1283 1644 1306 1703 2
1336 1640 1484 1705 Talentm

277 1743 383 1806 diesen
419 1740 597 1804 inermem
628 1737 740 1813 haben,
776 1736 885 1797 soduss
914 1734 965 1796 die
993 1740 1172 1814 poeninen
1205 1741 1229 1802 2
1259 1736 1386 1803 Tolente
1415 1740 1485 1804 dem

279 1842 453 1905 Heinrieus
485 1840 523 1903 de
545 1838 650 1918 Wyde
680 1835 747 1916 auf
764 1834 940 1897 Lebeeszcit
970 1831 1087 1897 beate
1109 1835 1245 1912 werden,
1275 1837 1356 1900 noch
1376 1838 1484 1902 descen

281 1937 363 2001 rode
381 1938 453 2001 aber
476 1936 543 1998 den
567 1932 783 1997 Peterslrloster
804 1932 853 1993 als
874 1931 1035 1995 Erbherrn
1055 1932 1280 2014 anteimfatten
1299 1934 1403 2002 selles.

258 2037 378 2101 Datum
404 2042 434 2099 et
456 2042 560 2098 ectum
583 2054 667 2095 armo
681 2030 809 2094 Domini
822 2029 852 2093 Μ
864 2028 1110 2106 cccxxii..
1126 2030 1204 2095 ferie
1223 2034 1320 2094 tercia
1340 2036 1485 2117 proxime

172 2142 246 2221 post
267 2142 409 2197 octavam
432 2132 614 2216 Epiphanio.

328 2250 403 2317 Dipt.
422 2248 468 2302 des
487 2248 686 2301 Peterstteeters
703 2246 759 2313 uus
772 2244 820 2298 der·
838 2242 984 2313 Kthibl.
1003 2243 1035 2295 iu
1053 2242 1156 2297 Berlin.

176 2408 292 2491 1326.
317 2406 443 2507 April
470 2406 505 2485 1.
1416 2406 1485 2488 44.

285 2540 533 2635 Ponet-Juliane
553 2538 667 2604 XXII.
693 2538 864 2619 provictiert
891 2536 1020 2601 Joeano
1048 2557 1106 2600 oen
1128 2536 1258 2614 Maiore,
1286 2538 1421 2621 Psorrer
1445 2563 1486 2606 eo

284 2640 316 2707 S.
330 2638 427 2704 Pauli
442 2641 478 2701 in
489 2638 615 2720 Erfurt
629 2638 685 2701 mit
698 2639 797 2700 cirtem
810 2634 1005 2715 Beneficium
1024 2637 1060 2697 in
1073 2634 1164 2699 sne
1176 2638 1249 2699 orte·
1259 2636 1348 2703 Dior.
1360 2638 1485 2706 Meiere.

331 2756 460 2822 einim,
472 2756 569 2809 eruor.
581 2756 643 2824 rep.
654 2772 680 2808 u.
696 2754 829 2821 erutor,
840 2754 925 2809 nm.
931 2758 993 2821 212,
1006 2752 1063 2820 oe.
1072 2753 1098 2807 e.
1109 2752 1155 2807 e.
1165 2754 1291 2821 emer,
1302 2754 1387 2823 xxr,
1394 2756 1420 2809 e.
1428 2762 1486 2813 175.

181 2934 299 3020 nee.
329 2931 455 3035 nprn
482 2930 540 3015 re.
1419 2932 1485 3014 45.

281 3068 456 3145 Hemrmun,
481 3066 573 3148 Gcaf
587 3068 621 3129 in
645 3066 800 3144 Gleicten,
821 3067 995 3148 yenetmiqt
1015 3064 1250 3130 tetenstertiet
1270 3066 1332 3129 den
1347 3066 1486 3148 Vertere!
1618 3073 1620 3076 ’

281 3167 367 3229 einer
388 3164 477 3246 Herse
496 3185 537 3229 eu
558 3164 742 3229 Bisctrlebcn
762 3166 861 3227 duret
882 3164 934 3227 die
950 3164 1081 3227 Briider
1100 3163 1316 3228 convolutae
1338 3186 1381 3227 rm
1393 3164 1487 3230 Nim-

282 3264 356 3327 lctus
376 3284 435 3327 von
451 3262 783 3343 Eylbrechtiepehoven‚
804 3262 932 3343 Biirper
950 3282 992 3327 zu
1012 3262 1138 3344 Erfurt
1158 3282 1254 3343 emen
1277 3262 1487 3345 Bareetotuny

282 3363 351 3425 und
371 3360 577 3442 potentine
600 3360 801 3441 Gewe'truny
822 3360 906 3423 eines
924 3358 1099 3440 jcttrlicteen
1119 3360 1295 3425 Erbeiuses.

332 3478 588 3533 Cimone-Mitem
607 3476 811 3531 hemilionbueh
829 3475 919 3532 &168
935 3476 973 3529 im
991 3476 1025 3530 E.
1037 3479 1072 3530 A.

262 3584 330 3649 Nos
341 3583 399 3647 Dei
419 3582 736 3667 gretinHermennus
757 3600 863 3645 comes
884 3580 1073 3662 inGlycheu
1094 3583 1349 3665 recognoscimus
1364 3583 1489 3667 publice

180 3690 212 3749 et
232 3681 383 3745 omnibus
405 3682 485 3743 hene
505 3679 626 3743 literam
649 3682 765 3743 visuris
786 3686 817 3743 et
837 3678 995 3743 audituris
1014 3681 1162 3763 cupimus
1182 3680 1247 3743 fore
1265 3687 1386 3759 notum,
1403 3682 1487 3763 quod

182 3781 342 3843 Iohannes
362 3786 393 3842 et
415 3778 541 3842 Utrieus
561 3778 672 3841 fratres
691 3778 730 3840 de
744 3776 901 3840 Volostete
922 3796 1025 3840 unum
1046 3797 1195 3841 maneum
1217 3780 1250 3839 in
1273 3779 1394 3862 eampis
1414 3779 1488 3842 ville

181 3875 474 3959 Bysohovesleybin
496 3877 608 3952 sitnm,
629 3895 722 3957 quem
748 3875 843 3938 iidem
864 3874 974 3937 fratres
995 3896 1014 3937 a
1034 3875 1126 3938 nobis
1148 3882 1256 3938 teuent
1276 3881 1308 3938 et
1329 3876 1489 3958 possident

180 3978 215 4039 in
236 3975 338 4053 foede,
358 3974 396 4036 de
418 3980 525 4037 nostro
545 3975 626 4036 scitu
646 3980 677 4036 et
697 3972 780 4036 bone
800 3972 961 4036 voluntate
982 3973 1195 4037 vendiderunt
1215 3973 1345 4036 honesto
1358 3972 1488 4038 Nimiae

181 4074 266 4136 dicto
286 4072 326 4135 de
346 4070 695 4152 Eylbreohtisgehoven
715 4072 779 4132 civi
800 4072 832 4131 in
855 4069 977 4147 Erfurd,
998 4077 1029 4133 et
1049 4073 1117 4134 suis
1137 4070 1307 4133 heredibus
1328 4092 1384 4153 pro
1404 4079 1489 4135 certe

182 4170 317 4255 pecunie
343 4170 518 4252 quentitete
544 4170 621 4251 ipsis
647 4170 840 4250 integraliter
868 4168 1038 4250 persolute,
1063 4170 1168 4251 quiete
1190 4174 1221 4231 et
1241 4168 1370 4251 pacifice
1389 4171 1488 4251 possi-

183 4267 340 4343 dendum,
373 4268 418 4329 sio
449 4266 533 4349 quod
565 4266 704 4348 prefatus
736 4274 857 4347 emptor
890 4273 947 4327 eut
978 4267 1028 4328 sui
1057 4266 1187 4328 heredes
1218 4285 1320 4328 unum
1350 4266 1488 4329 solidum

183 4366 385 4429 denariorum
407 4362 648 4427 erfordensium
674 4363 766 4425 dictis
786 4362 936 4425 fratribus
957 4381 1081 4447 semper
1102 4366 1135 4426 in
1155 4364 1235 4426 festo
1256 4364 1337 4427 beati
1360 4363 1489 4427 Martini

185 4466 217 4525 in
243 4463 371 4543 signum
400 4482 515 4525 census
545 4461 722 4523 hereditarii
750 4460 874 4523 tradant
901 4463 995 4523 annis
1019 4461 1154 4543 singulis
1179 4470 1275 4544 etque
1300 4462 1425 4525 solvant
1450 4464 1489 4525 de

184 4578 297 4625 menso
319 4558 506 4643 supradicto.
535 4558 642 4623 Testes
663 4560 759 4623 huius
780 4564 868 4623 sunt:
892 4560 942 4621 vir
956 4560 1111 4623 discretus
1121 4559 1270 4623 domiuus
1279 4559 1489 4624 Theodericus
