3525 5209
298 401 350 458 596
657 401 931 472 Gescbichtaquellen
950 403 999 458 der
1017 403 1095 460 Prov.
1115 409 1247 460 sachsen.

298 558 518 619 arrestationes
549 573 755 635 personarum
784 556 938 618 indebitas
966 576 1002 618 ac
1030 557 1233 640 predaciones
1259 563 1289 618 et
1316 557 1417 638 spolia
1436 577 1542 621 rernm
1566 577 1602 621 ac

299 653 453 717 bonorum
476 673 605 716 suomm
629 653 767 715 indebite
789 672 905 714 vexare
927 675 963 716 ac
986 655 1151 717 molestare
1182 656 1279 718 ateis
1306 655 1446 718 diversas
1467 658 1603 720 iniurias

296 755 435 834 irrogare
465 753 713 834 presumpserint
744 753 897 813 hactenus
928 759 958 813 et
989 761 1188 835 presumant,
1221 772 1277 815 uos
1312 753 1465 816 adversus
1491 755 1602 818 liuius-

295 850 379 913 modi
408 858 656 932 presumptores,
687 849 901 912 molestatores
930 857 960 911 et
991 851 1191 913 iniuriatores
1222 870 1259 913 ac
1286 870 1395 914 eorum
1420 855 1603 915 temerarios

296 955 327 1010 et
354 947 551 1011 detestabiles
580 968 678 1010 ausus
708 949 762 1010 illo
795 948 935 1010 volentes
969 947 1085 1010 eisdem
1112 948 1290 1031 oppidanis,
1321 949 1551 1013 habitatoribus
1572 961 1603 1012 et

296 1047 418 1118 incolis
440 1046 562 1108 clericis
584 1055 614 1108 et
635 1046 731 1118 laicis
753 1046 891 1109 remedie
914 1045 1093 1122 subvenire,
1115 1066 1170 1127 per
1190 1048 1273 1129 quod
1296 1049 1437 1130 ipsorum
1460 1068 1602 1132 compes-

295 1151 386 1207 catur
406 1146 564 1206 temeritas
586 1150 617 1205 et
637 1144 705 1206 aliis
721 1144 824 1207 aditus
834 1144 1050 1206 committendi
1061 1145 1176 1207 similia
1187 1145 1398 1227 precludatur,
1420 1147 1601 1210 discretioni

296 1252 400 1305 vestre
423 1262 478 1325 per
498 1243 667 1324 apostolica
690 1244 804 1324 scripta
827 1242 1026 1320 mandamus,
1048 1253 1205 1324 quatenns
1228 1244 1344 1307 vosvel
1358 1245 1421 1307 duo
1437 1253 1493 1308 aut
1517 1267 1602 1309 uirus

296 1348 436 1403 vestrum
459 1361 514 1422 per
536 1360 591 1402 vos
613 1340 659 1402 vel
681 1341 777 1403 alium
792 1360 849 1402 seu
864 1339 950 1416 alios,
973 1341 1071 1402 eciam
1095 1342 1120 1403 si
1143 1343 1206 1404 sint
1227 1350 1316 1404 extra
1337 1343 1413 1422 loca,
1435 1345 1601 1428 inquibus

296 1438 434 1520 deputati
466 1440 541 1500 estis
572 1447 807 1501 conservatores
838 1444 868 1499 et
898 1439 1032 1513 iudices,
1062 1440 1187 1520 prefatis
1214 1440 1391 1522 oppidanis,
1426 1443 1539 1506 incolis
1571 1455 1600 1507 ct

295 1536 538 1614 habitatoribus,
563 1537 685 1599 clericis
711 1545 742 1598 et
764 1535 868 1614 laicis,
898 1535 1033 1599 el'ficacis
1056 1537 1247 1600 detensionis
1277 1539 1412 1620 presidio
1437 1543 1601 1620 assistatis,

297 1653 359 1696 non
381 1635 597 1717 permittentes
617 1634 742 1697 eosdem
765 1633 942 1717 superbiis
964 1642 994 1696 et
1016 1635 1183 1716 quibusvis
1201 1636 1269 1698 aliis
1280 1635 1420 1700 indebite
1432 1639 1600 1714 molestari,

295 1733 345 1794 vel
374 1734 421 1795 eis
445 1733 630 1814 gravamina
657 1751 714 1795 seu
746 1732 882 1814 dampna
915 1731 964 1794 vel
991 1732 1124 1794 iniurias
1150 1734 1298 1814 irrogari,
1328 1733 1440 1797 facturi
1473 1737 1600 1819 prefatis

295 1831 473 1913 oppidanis,
494 1830 605 1893 incolis
626 1838 656 1892 et
675 1828 918 1906 habitatoribus
948 1849 1021 1892 cnm
1052 1829 1090 1891 ab
1127 1831 1173 1893 eis
1203 1830 1251 1893 vel
1275 1832 1416 1913 ipsorum
1439 1833 1600 1916 aliquibus

295 1934 351 1992 aut
380 1947 491 1992 eornm
521 1928 776 2010 procuratoribus
809 1947 905 2010 super
935 1928 996 1989 hiis
1017 1926 1138 1990 fueritis
1165 1930 1322 2012 requisiti,
1344 1930 1382 1993 de
1403 1932 1549 2013 predictis
1571 1942 1600 1995 et

295 2026 364 2089 aliis
375 2027 518 2109 personis
529 2024 722 2108 quibuslibet
734 2045 829 2108 super
845 2026 1243 2106 restitucionecastrorum,
1268 2028 1422 2105 villarum,
1445 2037 1598 2094 terrarum

295 2132 326 2188 et
353 2124 488 2187 aliorum
522 2123 677 2186 bonorum
700 2123 911 2206 predictorum
940 2123 1102 2186 arabilium
1132 2131 1161 2186 et
1184 2124 1394 2189 immobilium
1416 2147 1539 2191 necnon
1561 2130 1600 2192 de

296 2220 542 2304 quibuscunque
564 2222 729 2301 molestiis,
756 2223 881 2284 iniuriis
907 2228 1001 2303 atque
1023 2222 1183 2305 dampnis,
1205 2224 1403 2306 presentibus
1425 2233 1455 2288 et
1475 2228 1600 2297 futuris,

295 2319 413 2382 inillis
435 2320 591 2398 videlicet,
613 2340 675 2402 que
695 2320 875 2384 iudicialem
898 2322 1065 2403 requirunt
1093 2321 1292 2403 indaginem,
1318 2325 1490 2386 summarie
1511 2333 1541 2387 et
1562 2326 1599 2388 de

296 2421 389 2503 plauo
411 2421 479 2482 sine
501 2420 631 2501 strepitu
653 2426 683 2480 et
706 2417 808 2498 figura
829 2419 953 2496 iudicii;
978 2421 1009 2479 iu
1032 2419 1101 2481 aliis
1123 2437 1205 2498 vere,
1227 2427 1320 2502 prout
1341 2420 1475 2502 qualitas
1489 2442 1597 2486 ecvrtun

295 2519 434 2601 exegerit
445 2518 568 2579 iusticie
579 2516 854 2599 complementum,
875 2517 1342 2600 presumptores,nrolestatcres
1353 2526 1383 2581 et
1399 2521 1599 2585 iniuriatores

294 2616 477 2680 huiusmodi
508 2634 629 2678 necnon
670 2616 914 2678 contradictores
956 2615 1111 2697 qucislibet
1142 2620 1172 2677 et
1203 2613 1347 2695 rebelles,
1378 2618 1599 2702 cuiuscunque

296 2715 466 2796 dignitatis,
477 2713 603 2794 gradus
615 2721 723 2788 status,
743 2713 862 2775 ordinis
875 2713 924 2776 vel
937 2714 1131 2776 condicionis
1146 2715 1314 2787 extiterint,
1334 2723 1554 2799 quantumque
1569 2725 1600 2781 et

296 2815 575 2896 ‹priocienscunque
591 2811 772 2893 expedierit,
788 2813 972 2874 auctoritate
986 2821 1089 2874 nostra
1105 2830 1160 2893 per
1171 2830 1336 2874 censuram
1349 2813 1599 2886 ecclesiasticam,

294 2911 501 2994 appellatione
513 2911 691 2992 postposita,
701 2908 938 2992 compescendo,
951 2910 1094 2970 invocato
1107 2909 1145 2970 ad
1160 2909 1224 2986 hoc,
1236 2911 1261 2971 si
1273 2929 1352 2991 opus
1363 2910 1465 2991 fuerit,
1481 2915 1599 2975 attritio

297 3009 415 3071 brachii
438 3008 603 3085 secularis,
631 3027 695 3069 non
728 3007 871 3069 obstante
897 3015 959 3067 tam
983 3007 1080 3068 felicis
1103 3006 1325 3070 recordationis
1348 3007 1499 3072 Bonilbcii
1522 3031 1600 3094 pape

298 3107 381 3169 Vlll.
393 3108 621 3190 predecessoris
641 3106 737 3168 nostri
750 3105 869 3181 litteris,
888 3105 918 3165 iu
938 3103 1055 3185 quibus
1071 3115 1211 3180 cavetur,
1229 3105 1396 3186 nealiquis
1411 3115 1597 3171 extrasuarn

294 3207 452 3267 civitatem
483 3212 513 3267 et
544 3205 708 3290 dyocesem
741 3205 802 3264 nisi
833 3204 865 3263 iu
900 3204 991 3264 certis
1017 3204 1157 3284 exceptis
1177 3202 1303 3265 casibus
1324 3212 1354 3266 et
1376 3207 1406 3266 in
1431 3205 1492 3267 illis
1518 3208 1599 3270 ultra

296 3324 390 3366 unam
414 3304 528 3366 dietam
551 3325 570 3365 a
590 3303 654 3364 fine
675 3321 732 3364 sue
754 3302 887 3364 diocesis
908 3300 946 3362 ud
967 3300 1122 3362 iudicium
1145 3309 1304 3378 evocetur,
1333 3322 1387 3365 seu
1417 3323 1457 3366 ne
1479 3305 1599 3368 iudices

295 3411 324 3466 ct
346 3411 591 3474 conservatores,
612 3421 629 3463 a
651 3401 723 3462 sede
745 3399 882 3481 deputati
897 3399 1041 3480 predicta,
1063 3405 1151 3461 extra
1173 3399 1314 3462 civitates
1335 3407 1365 3462 et
1387 3402 1545 3481 clyoccses,
1566 3405 1598 3466 iu

296 3502 413 3584 quibua
434 3501 573 3583 deputati
594 3500 719 3573 fuerint,
746 3504 855 3559 contra
876 3517 1085 3579 quoscunque
1107 3501 1274 3580 procedere
1295 3503 1362 3564 sive
1383 3504 1434 3565 alii
1458 3505 1507 3566 vel
1529 3505 1600 3568 aliis

295 3601 379 3661 vices
401 3619 475 3661 suas
497 3599 704 3671 committere,
733 3603 789 3657 avit
809 3595 925 3677 aliquis
952 3596 1034 3657 ultra
1057 3615 1151 3658 unam
1175 3598 1288 3660 dietam
1312 3621 1329 3661 a
1361 3603 1424 3664 linc
1456 3603 1600 3682 dyocesis

293 3695 466 3758 eorundem
500 3695 621 3757 trahere
655 3700 868 3777 presumatur,
908 3694 1079 3755 ‹ltvnrmodo
1118 3695 1198 3757 ultra
1233 3696 1311 3758 duas
1353 3698 1451 3761 dietas
1483 3701 1599 3782 aliquis

293 3797 477 3859 auctoritate
498 3794 690 3877 presentium
714 3811 777 3855 nou
801 3794 956 3870 trabatur,
985 3813 1039 3855 sen
1063 3794 1147 3875 (praed
1169 3795 1207 3856 de
1228 3795 1297 3856 aliis
1320 3816 1414 3876 quam
1438 3799 1476 3860 de
1500 3801 1599 3860 varani-

293 3894 380 3954 festis
407 3894 532 3954 iniuriis
562 3899 592 3954 et
621 3891 783 3952 violenciis
806 3910 842 3952 ac
863 3891 946 3968 aliis,
968 3910 1030 3970 (que
1050 3891 1230 3954 iudicialem
1252 3891 1434 3975 indaginem
1458 3897 1600 3974 exigunt,

293 3993 384 4073 penis
401 3992 508 4067 ineos,
529 3992 555 4050 si
578 4009 669 4051 secus
689 3990 819 4064 egerint,
841 3996 871 4050 et
892 3990 923 4050 iu
948 3987 979 4050 id
992 3999 1195 4071 procurantes
1207 3993 1342 4072 adiectis
1364 4005 1599 4060 conservatores

294 4109 327 4150 se
353 4088 534 4150 nullatenus
555 4088 779 4164 intromittant,
801 4107 896 4168 (quam
919 4087 988 4149 aliis
1011 4087 1257 4172 quibuscunque
1279 4094 1559 4157 constitutionibus
1581 4119 1597 4158 a

294 4185 565 4268 predecessoribus
588 4187 702 4248 nostris
723 4184 875 4246 Romanis
895 4185 1105 4268 pontificibus,
1127 4193 1189 4250 taur
1213 4189 1251 4250 de
1271 4189 1429 4253 iudicibus
1449 4193 1599 4274 delegatis

293 4293 323 4347 ct
344 4285 634 4363 conservatoribus
663 4303 759 4366 quam
781 4283 924 4364 personis
948 4283 1027 4345 ultm
1049 4293 1168 4348 certum
1192 4307 1360 4351 nurncrum
1384 4290 1421 4352 ad
1444 4292 1598 4354 iiulicium

293 4402 356 4445 uon
380 4384 528 4445 vocandis
549 4390 605 4445 aut
625 4382 695 4444 aliis
721 4381 827 4458 editis,
857 4400 919 4462 que
953 4390 1056 4444 nostre
1086 4393 1215 4466 possent
1243 4387 1273 4447 iu
1303 4387 1361 4449 lrac
1387 4396 1474 4469 parte
1505 4391 1599 4452 larris-

292 4481 421 4543 dictioni
453 4489 509 4544 aut
536 4483 678 4563 potestati
712 4481 846 4560 eiusque
882 4478 980 4542 libero
1012 4483 1165 4544 exercicio
1199 4484 1434 4565 ‹ptrornodolibet
1461 4488 1599 4569 obviare,

292 4597 348 4640 seu
370 4580 396 4640 si
421 4578 581 4661 aliquibus
602 4578 814 4640 communiter
836 4577 884 4639 vel
906 4578 1031 4640 divisior
1059 4600 1078 4642 a
1104 4581 1241 4662 predicta
1268 4585 1309 4645 sit
1336 4584 1408 4646 sede
1429 4585 1598 4664 indultum,
