3525 5209
457 410 688 468 Urlumdeubuch
706 412 756 467 der
774 410 858 467 sads
874 411 980 466 Erfum
1018 410 1057 465 ΙΙ.
1074 410 1162 465 Theil.
1430 411 1465 465 75

151 583 296 627 wazzere
328 570 359 627 et
389 563 597 626 Hermunnus
627 562 732 625 dictus
764 561 854 625 leue
895 563 934 625 de
958 560 1111 631 Tollreim.
1152 562 1263 624 moniti
1303 562 1463 624 civitatem

155 660 378 723 liriordensem
412 660 594 734 intrabunt,
627 660 822 742 obstagium,
852 665 888 723 ut
919 660 1016 721 moris
1046 663 1106 735 est,
1142 660 1295 722 servaturi
1334 659 1464 733 tamdiu,

154 759 368 840 quoadusque
399 758 481 821 dicta
510 759 644 841 pecunia
677 758 770 819 luerit
803 757 997 839 integraliter
1030 755 1196 836 persoluta.
1256 756 1293 817 ln
1326 775 1462 838 quorum

153 856 375 919 testimonium
398 856 537 937 sigillum
562 863 705 918 nostrum
724 853 924 937 presentibus
945 859 993 916 est
1013 872 1198 936 appensum.
1239 852 1281 915 Et
1295 852 1464 915 nosliclre-

154 954 275 1016 hardus
297 952 414 1034 Ryebe,
434 952 604 1015 Ernfridus
626 952 665 1015 de
687 951 908 1033 (leigenberge,
928 950 1085 1031 Syffridus
1107 950 1145 1013 de
1165 950 1387 1025 Bendcleibin,
1410 950 1465 1012 Ul-

151 1052 242 1113 ricus
273 1051 312 1113 de
340 1049 526 1131 Lybenrode
558 1050 691 1129 milites,
722 1047 799 1129 Tylo
833 1048 871 1111 de
901 1047 1003 1129 Tabe,
1036 1047 1205 1111 (lunrudus
1237 1048 1277 1111 de
1305 1048 1467 1124 Slatheim,

152 1148 347 1231 Hartungus
374 1166 469 1231 prope
497 1166 613 1231 squam
636 1152 667 1211 el
688 1146 895 1211 Hermannus
915 1146 1008 1210 lewe
1033 1147 1075 1209 de
1093 1146 1233 1210 Talheim
1262 1146 1464 1209 fideiussores

153 1246 289 1329 predicti
310 1264 421 1309 omnes
442 1252 473 1309 et
495 1245 613 1325 singuli
635 1265 690 1329 pro
712 1246 795 1308 dicto
817 1244 1125 1322 dominouriden'co,
1145 1244 1260 1307 comite
1281 1244 1320 1306 de
1341 1242 1464 1323 Byche·

153 1344 265 1426 lingon
287 1342 520 1424 iuRotinburg,
541 1344 774 1406 communicata
796 1364 893 1407 manu
917 1352 949 1408 et
968 1343 1031 1406 fido
1053 1344 1180 1426 prestita
1200 1342 1464 1424 recognoscimus,

153 1462 215 1504 nos
237 1442 345 1504 omnia
365 1447 398 1504 et
418 1440 559 1523 singula,
589 1448 683 1523 prout
711 1441 750 1505 de
781 1441 873 1505 uobis
899 1447 975 1505 suut
1000 1444 1177 1525 conscripta
1204 1442 1366 1523 superius,
1398 1444 1462 1501 tum

100 1557 105 1566 ’
153 1542 241 1601 circa
256 1538 508 1602 observationem
529 1540 670 1621 obstagii,
692 1560 787 1622 quam
806 1542 891 1603 circa
909 1542 970 1604 alia
991 1540 1071 1603 velle
1091 1538 1263 1619 adimplere
1282 1545 1314 1600 et
1334 1536 1465 1600 inviola-

154 1637 262 1701 biliter
283 1638 465 1719 promisisse
484 1635 667 1716 observare,
694 1638 734 1701 ad
756 1638 813 1700 bec
834 1657 894 1701 nos
914 1639 948 1701 in
970 1637 1032 1701 biis
1053 1636 1179 1718 scriptis
1200 1635 1365 1699 bonafide
1386 1634 1463 1697 obli-

153 1742 269 1819 gantes
291 1734 351 1797 sub
371 1736 562 1818 appensione
584 1734 677 1817 sigilli
699 1736 840 1799 eiusdem
864 1736 984 1799 domini
1005 1736 1143 1813 comitis,
1173 1754 1236 1818 quo
1263 1732 1464 1817 presentibus

153 1839 386 1897 contestamur.
430 1831 550 1895 Datum
571 1852 655 1895 anno
676 1830 805 1895 Domini
827 1832 1088 1912 M⁰OOO⁰XXX“,
1107 1833 1185 1896 ldus
1205 1832 1353 1915 Augusti.

155 1983 268 2065 1331.
294 1981 464 2064 ianuar
489 1982 528 2063 8.
1399 1983 1463 2066 93.

258 2099 435 2177 Friedrich,
458 2100 632 2182 Landgraf
648 2122 707 2165 coa
725 2100 915 2183 Plurima,
937 2102 1018 2167 stelll
1037 2105 1098 2166 den
1116 2107 1296 2184 generantes
1313 2100 1466 2183 Erfurter

256 2198 408 2279 Brtrgern
430 2198 498 2261 eine
519 2198 871 2282 &tcmumscdreibaup
889 2202 964 2265 dle
986 2200 1250 2265 75Maresiuer
1270 2221 1340 2276 aas,
1361 2200 1414 2263 die
1432 2220 1467 2262 er

257 2295 354 2360 idaea
372 2296 430 2377 fiir
446 2294 616 2378 gelielmtes
631 2297 875 2363 Sedurlodrtucb
895 2300 965 2361 aad
984 2298 1103 2363 cudae
1125 2297 1244 2363 Waren
1262 2296 1425 2362 schaldde.

311 2400 355 2455 Or.
374 2400 412 2453 im
432 2400 625 2471 Grossbcrzopl.
646 2401 679 2455 G.
692 2402 725 2459 A.
743 2419 779 2455 zu
802 2401 928 2456 Weimur.
949 2403 977 2457 S.
989 2403 1015 2457 d.

238 2504 306 2568 Nos
327 2504 513 2585 Ibidericus,
533 2505 591 2569 Dei
615 2508 716 2589 gratia
745 2514 826 2571 terre
846 2508 1018 2593 Thuringie
1047 2510 1257 2593 lantgravius,
1284 2508 1466 2591 Mysnensis

155 2614 187 2669 et
210 2603 380 2667 Orientalis
400 2604 555 2683 marchio,
578 2604 727 2668 dominus
749 2626 876 2689 quoque
899 2612 981 2670 terre
1002 2606 1189 2687 Plisnensis,
1209 2611 1466 2690 recognoscimus

157 2702 297 2765 dilucide
326 2708 358 2764 et
383 2701 532 2764 omnibus
562 2702 642 2766 banc
669 2704 802 2767 litteram
829 2706 948 2767 visuris
973 2709 1004 2767 et
1036 2706 1191 2769 audituris
1220 2708 1370 2789 cupimus
1399 2706 1466 2769 fore

157 2806 288 2877 notum,
320 2799 404 2881 quod
435 2807 581 2862 tenemur
602 2808 632 2863 et
657 2820 770 2864 sumus
791 2802 920 2884 obligati
946 2804 1024 2866 viris
1046 2804 1184 2887 providis
1205 2810 1236 2866 et
1255 2802 1466 2885 prudentibus

155 2902 392 2982 Heynemanno
414 2904 452 2963 de
465 2898 574 2975 Gotho,
594 2898 722 2980 Hugoni
746 2896 853 2981 longo
875 2906 906 2963 et
924 2900 1060 2963 lohanni
1081 2901 1120 2963 de
1141 2900 1320 2978 Mullrusen,
1342 2900 1466 2963 civibus

156 2998 414 3078 liriordeusibus,
435 3004 466 3061 et
491 3016 601 3061 eorum
635 2996 803 3059 heredibus
834 2996 868 3059 in
895 3000 1094 3081 septuaginta
1124 3005 1156 3061 et
1182 3000 1326 3081 quinque
1353 3000 1467 3061 marcis

158 3098 363 3181 puriargenti
386 3098 418 3157 in
442 3095 633 3170 scharlatieo,
654 3096 770 3175 pannis
789 3094 935 3158 eoloratis
956 3098 1038 3159 etin
1059 3115 1152 3180 opere
1174 3098 1271 3171 vario,
1292 3096 1384 3159 nobis
1407 3099 1467 3159 uti-

158 3196 230 3259 liter
257 3194 440 3277 persolutis,
472 3193 511 3255 ed
544 3194 659 3255 festum
683 3192 765 3255 beati
792 3191 977 3256 Micbahelis
1004 3194 1183 3277 archangeli
1209 3202 1297 3257 nunc
1325 3196 1467 3277 proxime

155 3292 349 3364 elirrturum,
377 3294 461 3355 sicul
491 3290 625 3353 fideliter
657 3292 860 3372 promisimus
892 3297 924 3354 et
956 3292 988 3353 in
1024 3292 1085 3355 biis
1113 3293 1237 3373 scriptis
1266 3292 1467 3375 presentibus

155 3392 381 3474 promittimus,
403 3389 474 3452 dolo
496 3395 527 3452 et
544 3388 655 3451 fraude
677 3390 813 3465 remotis,
832 3390 970 3469 gratuite
990 3389 1215 3472 persolvendis
1236 3396 1411 3453 statuentes
1431 3391 1463 3452 in

155 3492 336 3555 cautionem
358 3488 527 3551 solutionis
548 3487 630 3551 dicte
660 3490 794 3569 pecunie
812 3486 984 3550 firmiorem
1002 3488 1124 3552 nobiles
1137 3489 1283 3552 dominos
1300 3489 1466 3553 dominum

157 3587 371 3664 tluntherum,
402 3588 549 3648 comitem
578 3586 616 3648 de
637 3583 844 3667 Suerczburg
871 3586 1042 3665 seniorem,
1070 3587 1233 3649 dominum
1257 3587 1467 3664 Guntberum,

156 3687 307 3749 comitem
338 3684 376 3747 de
402 3682 622 3763 Kevernberg,
654 3682 842 3745 Heinrioum
875 3685 1021 3747 comitem
1051 3685 1090 3747 de
1118 3684 1321 3766 Suartzburg
1350 3683 1464 3746 ibidem

156 3785 334 3859 dominum,
352 3780 528 3843 avunculos
539 3786 662 3843 nostros
684 3780 877 3861 predileetos,
898 3800 935 3843 ec
957 3782 1041 3844 viros
1055 3792 1201 3845 strenuos
1216 3765 1341 3845 frostros
1359 3782 1467 3845 fideles

156 3878 341 3945 Bertoldum
356 3879 590 3941 vicedominum
603 3878 641 3941 de
653 3878 776 3941 liestete
786 3877 903 3941 ibidem
914 3878 1078 3942 dominum
1094 3887 1125 3943 et
1132 3881 1303 3943 Gotzonem
1316 3880 1467 3944 Schinde-

157 3981 243 4063 lropl,
259 3984 404 4041 nostrum
418 3976 604 4040 advocatum
619 3976 844 4053 stacensem,
867 3978 923 4058 qui
936 3996 991 4060 per
1007 3976 1100 4040 iidem
1118 3978 1262 4040 similiter
1278 3998 1374 4041 uranu
1393 3999 1467 4041 eon·

159 4082 268 4141 iuncta
280 4082 311 4139 et
323 4076 354 4139 in
365 4074 501 4138 solidum
513 4076 799 4157 compromiserunt
809 4082 838 4137 et
853 4074 886 4136 in
902 4075 963 4137 biis
978 4078 1102 4157 scriptis
1116 4076 1314 4158 presentibus
1326 4096 1465 4159 compro

154 4178 295 4251 mittunt,
306 4174 421 4237 dictam
434 4174 599 4257 pecuniam
612 4172 818 4236 creditoribus
830 4173 1145 4255 prenotatistermino
1157 4174 1279 4237 solvere
1288 4182 1466 4237 memorata

150 4275 183 4339 si
199 4274 388 4337 adveniente
403 4271 576 4334 solucionis
592 4272 726 4333 termino
745 4270 860 4333 dictam
873 4271 1042 4354 pecuniam
1054 4271 1264 4335 creditoribus
1287 4274 1467 4336 memoratis

156 4373 279 4437 solvere
294 4372 451 4435 fuerimus
468 4370 661 4453 negligentes
673 4371 720 4433 vel
733 4371 865 4443 remissi,
886 4370 971 4451 quod
989 4370 1082 4447 absit,
1101 4369 1208 4451 elapso
1220 4371 1355 4433 termino
1367 4374 1466 4434 nostri

152 4488 384 4553 consponscrer
397 4470 506 4531 moniti
519 4468 694 4532 Erfordiem
708 4467 942 4544 subintrabunt,
963 4467 1152 4550 obstagium,
1166 4474 1200 4531 ut
1212 4471 1307 4531 moris
1318 4475 1374 4544 est,
1387 4469 1466 4531 inibi

156 4568 323 4647 servaturi,
343 4567 417 4629 inde
436 4586 499 4630 non
523 4568 654 4645 exituri,
680 4568 741 4629 nisi
769 4568 916 4649 primitus
942 4568 1075 4650 pecunia
1088 4568 1239 4653 prelibata
1259 4567 1354 4633 tuterit
1375 4568 1466 4636 dictis
