3525 5209
481 403 712 466 Urkundenbuch
730 403 780 466 der
797 405 880 467 Stadt
899 407 996 469 Erfnrt
1032 407 1070 474 ῙῙ,
1081 409 1168 472 'l’heil
1430 415 1482 475 575

254 559 530 624 Reverendissimo
571 563 605 625 in
636 561 759 628 Christo
791 567 871 646 patri
908 576 939 630 et
970 567 1114 648 domine,
1152 569 1280 636 domino
1314 569 1481 634 Lodowioo

174 697 215 706 -
236 697 275 704 -
297 695 335 702 -
356 661 409 705 —1
436 660 529 723 vitari
555 661 685 724 faciatis.
727 661 887 728 Promissa
908 683 982 728 vero
1011 668 1118 730 omnia
1145 678 1176 732 et
1202 671 1327 754 singula
1357 679 1423 738 rata
1451 685 1482 742 et

171 755 266 819 firma
296 776 365 820 esse
393 764 425 820 et
453 757 578 841 plenam
610 759 757 822 ammodo
788 761 914 826 roboris
945 762 1123 828 firmitatem
1155 767 1301 832 volumus
1332 775 1481 857 optinere,

172 873 235 917 non
258 853 457 919 obstantibus
479 856 739 940 quibuscunque,
766 859 919 925 hactonus
946 881 1001 946 per
1030 883 1088 928 nos
1115 865 1220 946 iactis,
1252 875 1282 933 et
1314 876 1477 954 presertim

175 954 315 1037 quadam
338 953 549 1018 declaratione
573 973 630 1020 seu
657 959 868 1040 revocatione,
900 959 1020 1043 pridem
1051 981 1107 1046 per
1138 984 1195 1030 nos
1227 967 1265 1030 ad
1297 970 1478 1037 instantiam

173 1053 284 1138 prefati
305 1053 426 1117 domini
449 1052 600 1117 Ludovici
621 1054 847 1140 archiepiscopi
869 1055 1047 1142 Maguntini
1068 1063 1103 1124 in
1124 1064 1216 1146 opido
1239 1065 1480 1149 Tangernmnde

171 1152 262 1231 facta
281 1171 355 1215 cum
370 1152 410 1216 ad
431 1171 562 1236 presens
582 1155 691 1217 omnia
710 1153 764 1217 illa
784 1161 817 1218 et
837 1156 971 1238 singula,
993 1175 1055 1240 que
1066 1177 1124 1224 nos
1135 1171 1298 1228 moverant
1308 1172 1339 1230 et
1352 1187 1480 1234 movere

173 1255 317 1333 poterant
342 1250 382 1313 ad
415 1251 531 1314 dictam
557 1251 798 1316 declarationem
830 1272 888 1316 seu
909 1258 1123 1322 avocationem
1146 1261 1331 1344 faciendam,
1359 1267 1421 1333 luit
1441 1272 1479 1334 ad

173 1366 315 1430 presens,
333 1348 526 1431 inquantum
548 1355 684 1432 tangunt
704 1370 775 1429 nos,
801 1351 839 1414 ad
862 1357 979 1416 statum
1001 1354 1142 1421 debitum
1165 1363 1265 1442 posita
1285 1377 1316 1428 et
1337 1385 1392 1448 per
1411 1389 1480 1452 pre

172 1448 353 1509 nominatos
375 1447 592 1530 proconsules,
623 1449 771 1512 consules
793 1455 824 1513 et
853 1451 1006 1531 opidanos
1027 1452 1245 1536 Erfurdenses,
1266 1462 1297 1526 io
1322 1473 1476 1546 (praalum

172 1564 226 1606 eos
246 1551 392 1627 tangunt,
411 1544 552 1626 plenarie
571 1545 652 1609 facta
672 1553 703 1609 et
718 1547 891 1611 observata.
933 1549 1068 1635 Insuper
1090 1555 1121 1616 in
1138 1557 1286 1622 omnibus
1303 1567 1333 1624 et
1345 1565 1479 1647 siugulis

173 1643 252 1719 aliis
272 1661 335 1726 que
356 1642 449 1706 nobis
461 1644 569 1724 vigore
585 1642 666 1708 dicte
678 1647 912 1710 commissionis
928 1650 1104 1730 apostolice,
1121 1653 1213 1716 nobis
1228 1657 1316 1738 facte,
1337 1661 1488 1728 lhciemla-

173 1741 365 1805 incmnbunt
399 1742 448 1805 vel
477 1761 541 1824 que
565 1743 667 1806 faeere
698 1763 884 1826 possumus,
915 1765 1114 1812 reservamus
1147 1752 1239 1816 nobis
1265 1757 1474 1838 plonimodam

172 1846 355 1924 potestatem
377 1839 431 1902 illa
454 1841 578 1929 agendi,
599 1841 787 1923 exequendi,
807 1845 973 1908 exercendi
997 1852 1028 1907 et
1048 1845 1191 1930 faciendi,
1212 1871 1285 1916 cum
1308 1861 1477 1942 etquando

171 1939 267 2001 luerit
287 1944 478 2022 oportunum
501 1945 532 2002 et
544 1937 636 2001 nobis
647 1937 806 2002 videbitur
817 1942 972 2024 expedire.
1015 1943 1196 2012 Presenbem
1214 1958 1320 2018 erdem
1333 1965 1477 2023 nostrum

172 2055 370 2120 processum,
388 2038 643 2119 suspensionem,
663 2040 903 2118 relaxationem,
925 2040 1138 2108 sublaciouem
1162 2055 1193 2111 et
1213 2049 1274 2115 alia
1294 2059 1324 2116 et
1345 2056 1419 2136 alia,
1443 2065 1477 2122 ut

171 2135 378 2216 premittitur,
400 2136 431 2196 in
458 2154 492 2197 se
513 2136 724 2214 continentes,
756 2154 854 2218 penes
879 2137 979 2200 dictos
1000 2139 1152 2223 opidanos
1178 2165 1341 2215 remanere
1362 2160 1392 2218 et
1413 2177 1475 2220 rron

173 2251 228 2315 per
248 2251 306 2295 vos
326 2251 385 2295 nec
405 2231 543 2314 aliquem
567 2239 707 2296 vestrum
729 2234 879 2297 volumus
900 2238 1135 2318 quomodolibet
1157 2243 1295 2309 detineri.
1339 2250 1374 2314 Iu
1399 2273 1476 2335 quo-

174 2349 244 2392 rum
261 2330 403 2392 omnium
427 2332 717 2394 -——¹muniri.
758 2331 874 2395 Datum
891 2333 924 2395 in
946 2335 1038 2418 opido
1048 2335 1230 2405 Eriordousi
1252 2344 1302 2408 die
1312 2353 1483 2416 trecesimo

171 2428 290 2490 mensis
304 2426 390 2505 Maii,
409 2429 484 2490 hora
495 2447 697 2511 vesperarum
708 2432 758 2493 vel
771 2431 871 2514 quasi,
890 2433 1061 2498 indictione
1078 2433 1157 2508 XV,
1177 2460 1204 2504 a.
1215 2439 1252 2504 D.
1268 2445 1353 2526 1377,
1373 2452 1476 2532 ponti-

171 2524 284 2588 ficatus
305 2559 345 2568 -
366 2559 405 2568 -
425 2528 581 2587 -1ann0
604 2528 748 2610 septimo,
770 2530 971 2612 presentibus
992 2534 1163 2598 reverendo
1187 2539 1221 2600 in
1243 2539 1365 2608 Christo
1387 2555 1473 2630 patre

171 2629 201 2685 et
229 2622 373 2694 domino,
406 2621 534 2684 domino
557 2622 721 2705 Nicholao,
751 2627 897 2711 episcopo
924 2627 1106 2713 lirrbicensi,
1137 2654 1173 2697 ac
1200 2642 1370 2706 venerabili
1399 2647 1476 2718 viro,

170 2720 467 2784 dominoBrotnone
483 2721 742 2805 deSchrapplow,
762 2729 914 2790 canonico
937 2729 1011 2791 eccl.
1036 2729 1184 2813 Magdeb,
1205 2742 1236 2800 et
1254 2739 1384 2806 honesto
1407 2719 1475 2808 viro

170 2819 355 2882 Hermanno
391 2819 430 2882 de
463 2818 680 2902 Wittenbnrg,
716 2828 779 2886 not.
817 2823 958 2907 publico,
993 2825 1100 2892 'illone
1141 2831 1179 2895 de
1206 2834 1325 2919 lllrich,
1361 2842 1473 2906 elerico

171 2915 320 2998 Magunt,
342 2918 476 3001 Agapito
488 2937 578 2980 servo
589 2917 802 2982 IucobiTichii
815 2922 853 2983 de
863 2921 1026 2989 Floreucia
1047 2934 1078 2991 et
1086 2925 1247 2997 Rutzlrone
1268 2936 1306 2997 de
1318 2935 1474 3025 Canczavv,

64 3064 67 3069 .
166 3016 277 3078 clerico
292 3015 448 3098 Pragensi,
470 3014 533 3078 fide
554 3015 659 3098 dignis
680 3017 717 3080 ad
741 3025 901 3100 presentes
923 3026 1040 3087 vocatis
1062 3029 1238 3110 specialiter
1259 3039 1289 3096 et
1306 3039 1431 3119 rogatis.

249 3112 290 3176 let
309 3132 366 3196 ego
388 3113 452 3176 ioh.
474 3112 512 3175 do
533 3113 714 3178 Hillishoim
738 3151 773 3161 -—
801 3155 832 3163 -
856 3124 909 3162 —·¹
930 3124 1116 3204 requisitus,
1136 3147 1191 3210 pro
1207 3138 1294 3213 parte
1316 3134 1471 3203 <lictorum

169 3211 412 3294 proconsulum,
432 3212 600 3275 consulum
622 3220 653 3277 et
674 3217 880 3299 opidanorum
904 3220 937 3281 in
960 3223 1063 3284 maius
1088 3227 1304 3293 testimonium
1328 3238 1470 3299 omnium

168 3316 199 3373 et
220 3310 419 3390 singulorum
442 3311 678 3390 premissorum.

241 3409 248 3436 ¹
268 3407 337 3460 Hier
362 3407 421 3460 und
445 3425 484 3460 on
511 3407 565 3462 den
588 3412 698 3480 danaen
721 3413 770 3466 mit
792 3445 820 3453 -
842 3445 874 3454 -
894 3447 923 3456 -·
946 3418 1045 3474 ‚hellen
1077 3410 1335 3492 dmeiustoomono
1357 3433 1406 3484 ruit
1423 3433 1471 3488 der

166 3476 562 3547 mfflfflmaemm,
1318 3485 1322 3496 '

168 3606 273 3689 1377.
302 3605 388 3686 Mul
416 3605 483 3686 30.
511 3607 674 3690 ldrlurt.
1384 3629 1469 3712 787.

268 3722 335 3786 Der
359 3723 532 3803 populate
558 3724 705 3789 Nuntios
724 3728 859 3794 Thomas
883 3733 922 3795 de
952 3735 1151 3800 Annuanatis
1182 3741 1405 3821 ocrdffeutliobt
1435 3748 1469 3811 in

265 3823 333 3884 (trel
353 3822 495 3885 recitarem
518 3823 750 3889 Instrumentca
771 3827 822 3890 die
842 3827 939 3892 Rullo
962 3831 1098 3913 Grecos
1108 3836 1168 3900 XI.
1190 3859 1255 3902 oona
1278 3845 1327 3906 12.
1338 3843 1470 3910 Jauaar

271 3920 444 3983 rsro'uad
464 3922 548 3983 minc
571 3921 677 3985 ἀαναη
698 3925 944 4007 aalmr'lpfendea
972 3930 1208 4014 Verfi'iqunqon,
1236 3937 1286 4000 die
1309 3941 1345 4002 in
1372 3942 1468 4008 Forat
1578 3941 1581 3944 ’

263 4018 334 4080 arud
364 4017 470 4081 Iohclt
497 4019 556 4081 mit
585 4019 641 4083 der
666 4020 973 4108 Bekoontnaoaoop
1001 4049 1068 4093 oona
1099 4035 1149 4096 16.
1161 4035 1259 4114 Apri-l
1289 4041 1376 4102 1377
1402 4041 1469 4122 fast

265 4115 402 4178 wortlich
427 4115 710 4197 elbereinstimmcu,
739 4141 805 4185 nur
823 4123 905 4188 aoird
924 4126 961 4189 ia
981 4129 1050 4192 dem
1071 4130 1161 4194 einen
1183 4134 1239 4196 der
1261 4134 1363 4200 Banu
1382 4140 1469 4203 uiolet

264 4215 331 4295 aeas
338 4219 360 4277 3
373 4213 481 4291 Jalre,
495 4215 630 4280 scudem
644 4220 682 4283 ad
698 4240 776 4304 pape
787 4221 1017 4307 beneplacitum
1033 4229 1233 4309 oofpeaoooo.
1276 4234 1330 4297 Sia
1342 4236 1417 4300 siud
1431 4239 1467 4300 io

265 4313 382 4397 blafarrt
403 4313 592 4393 commod,
618 4317 693 4379 troci
712 4317 867 4383 desedere
887 4322 944 4384 mil
964 4325 1019 4387 der
1039 4327 1186 4406 Adpone:
1213 4333 1293 4395 Acta
1314 4341 1390 4398 siunt
1413 4337 1468 4399 hec

265 4413 298 4474 iu
316 4411 460 4475 Erfurdia
481 4414 575 4496 opido
592 4416 730 4497 predicto
750 4420 782 4480 in
801 4419 939 4503 hospicio
955 4423 1155 4488 habitationis
1176 4435 1228 4492 tzu
1252 4430 1321 4494 dem
1346 4438 1468 4497 strusze

267 4511 435 4593 vulgariter
456 4519 654 4595 nuncuptao,
679 4516 710 4577 in
734 4536 797 4598 quo
818 4524 895 4580 tunc
917 4520 1138 4588 habitavimus.

315 4608 361 4662 Or.
378 4609 418 4662 a'm
434 4609 497 4678 Kpl.
507 4609 546 4663 St.
559 4611 593 4663 A.
612 4627 648 4664 aaa
667 4612 706 4666 M.
