3525 5209
283 364 337 419 214
643 361 918 433 Geechichtsquellen
938 362 988 417 der
1006 363 1086 423 Prov.
1100 364 1230 425 Sacbsen.
1309 379 1311 382 ·

284 516 452 589 recessuri,
482 515 583 579 donec
609 516 686 598 ipsis
712 514 848 578 dominis
874 565 907 579 ..
937 514 1055 578 decano
1082 521 1114 579 et
1134 517 1270 600 capitulo
1295 537 1331 580 ac
1356 518 1428 581 aliis
1447 519 1592 603 personis

285 613 450 697 sepedictis
471 614 508 676 de
529 613 647 697 prefata
664 614 806 697 pecunia,
827 615 973 700 dampnis
993 622 1025 679 et
1046 616 1198 679 interesse
1224 616 1321 679 fuerit
1340 615 1480 699 plenarie
1501 617 1591 679 satis-

180 775 184 783 ,
283 711 411 775 factum.
454 710 520 774 Nos
548 730 676 795 quoque
697 712 898 777 fideiussores
919 714 1092 800 supradicti
1112 715 1368 795 recognoscimus
1390 713 1515 796 publice
1535 733 1591 797 per

284 815 460 893 presentes,
494 810 578 893 qnod
603 811 641 874 ad
668 829 775 893 preces
805 811 927 875 domini
952 812 1144 875 Hiidbrandi
1168 812 1208 875 de
1233 811 1417 890 Mohusen,
1447 813 1592 875 canonici

284 908 415 973 ecclesie
436 929 460 973 e.
478 907 577 971 Mario
599 908 749 991 predicte,
779 909 962 973 huiusmodi
983 909 1197 974 fideiussionis
1218 910 1322 973 omnis
1343 910 1378 972 in
1400 929 1460 973 nos
1480 916 1592 993 sponte

285 1010 483 1091 suscepimus
514 1012 545 1069 et
574 1008 765 1089 suscipimus
797 1008 829 1069 in
863 1008 925 1071 hiis
956 1009 1095 1091 scriptis,
1115 1009 1259 1072 volentes
1288 1007 1397 1071 omnia
1421 1002 1592 1091 prescripta

285 1110 402 1169 attente
428 1109 459 1167 et
484 1104 707 1168 inviolabiliter
731 1105 899 1169 observare
927 1125 1050 1169 necnon
1078 1105 1250 1189 adimplere
1278 1105 1361 1169 bona
1387 1105 1449 1169 fide
1469 1112 1501 1167 et
1521 1105 1591 1167 dili·

283 1206 391 1286 gentio
416 1204 590 1286 exquisita,
618 1210 653 1265 ut
678 1204 866 1287 supradictis
893 1203 1083 1268 dominis..
1104 1204 1223 1268 decano
1250 1208 1282 1267 et
1306 1202 1443 1287 capitulo
1469 1209 1501 1265 et
1521 1202 1593 1265 aliis

284 1302 426 1385 personis
449 1301 578 1365 ecclesie
592 1322 616 1366 s.
630 1300 727 1365 Mario
748 1322 870 1365 necnon
893 1302 1042 1365 omnibus
1063 1303 1141 1385 ipsis
1162 1299 1385 1365 adherentibus
1398 1306 1431 1364 et
1443 1300 1593 1363 adherere

287 1399 473 1480 volentibus,
495 1404 531 1463 ut
556 1400 734 1482 predicitur,
755 1400 793 1463 de
816 1400 1042 1483 indempnitate
1068 1400 1236 1463 sufficienti
1259 1404 1408 1462 caveatur
1428 1397 1489 1461 sub
1509 1416 1593 1481 pena

285 1503 413 1561 eentum
440 1517 617 1561 marcarum
640 1498 832 1581 supradicte,
857 1499 892 1561 in
918 1498 1102 1562 huiusmodi
1125 1498 1282 1561 solutione
1302 1498 1436 1581 pecunie
1458 1515 1516 1559 seu
1537 1494 1592 1557 ob·

287 1597 465 1660 servatione
484 1596 627 1677 obstagii,
655 1602 692 1661 ut
722 1595 903 1680 predicitur,
923 1596 1032 1661 nullus
1062 1601 1206 1660 nostrum
1233 1615 1289 1678 per
1314 1595 1413 1657 elium
1441 1612 1475 1657 se
1500 1592 1594 1657 debet

284 1711 451 1773 excusare,
477 1695 564 1758 omni
591 1695 662 1758 dolo
688 1702 719 1759 et
744 1695 855 1759 fraude
876 1699 1003 1779 penitus
1024 1694 1185 1759 abdicatis.
1227 1693 1266 1756 In
1287 1711 1425 1776 quorum
1446 1692 1592 1755 omnium

285 1791 484 1874 singulorum
513 1791 610 1855 robur
636 1798 667 1856 et
692 1792 873 1857 firmitatem
902 1793 1042 1875 sigillum
1069 1810 1176 1855 meum
1201 1810 1266 1855 uua
1292 1810 1365 1853 cum
1392 1788 1494 1871 sigillo
1515 1788 1593 1853 fide·

285 1890 445 1953 iussorum
467 1908 610 1953 meorum
633 1890 845 1973 predictorum
864 1889 1063 1975 presentibus
1084 1895 1132 1953 est
1148 1908 1364 1972 appensum..
1385 1886 1450 1951 Nos
1464 1905 1593 1971 quoque

284 1986 486 2051 fideiussores
514 1988 684 2071 supradicti
713 1988 815 2071 sigilla
843 1996 951 2052 nostra
977 1989 1233 2070 recognoscimus
1253 1985 1453 2071 presentibus
1476 2004 1592 2067 appen-

286 2084 377 2149 disse.
418 2082 536 2148 Datum
559 2104 642 2149 anno
663 2084 794 2149 Domini
815 2084 1096 2165 noceatur,
1108 2088 1140 2147 in
1157 2085 1207 2148 die
1223 2083 1304 2148 beati
1317 2082 1433 2146 Mathie
1447 2082 1589 2165 apostoli.

285 2182 351 2247 Nos
383 2202 511 2266 quoque
543 2184 682 2247 decanus
713 2189 744 2247 et
774 2184 949 2267 capitulum
975 2182 1105 2247 ecclesie
1135 2202 1150 2245 s
1176 2180 1275 2246 biarie
1297 2181 1428 2257 predicti
1449 2179 1591 2263 sigillum

287 2280 385 2343 nostri
405 2280 534 2364 capituli
555 2281 689 2365 appendi
708 2281 841 2345 fecimus
861 2282 896 2344 in
917 2280 1014 2345 robur
1033 2288 1065 2344 et
1084 2280 1233 2343 maiorem
1252 2279 1433 2343 firmitatem
1446 2280 1591 2342 omnium

285 2381 522 2462 premissorum.
564 2378 681 2443 Datum
703 2399 787 2443 anno
808 2384 840 2443 et
861 2378 913 2443 die
934 2378 1052 2462 quibus
1072 2397 1176 2461 supra

286 2562 402 2645 1346.
430 2564 549 2646 ultra
576 2564 614 2647 3.
1496 2562 1591 2645 teo.

386 2700 574 2784 Rudoiphus
596 2700 634 2765 de
655 2700 849 2781 Koldingen,
876 2702 980 2780 miles,
1008 2703 1161 2780 patabat,
1187 2698 1262 2761 dass
1281 2699 1348 2761 scia
1367 2696 1476 2763 Vasatt
1494 2697 1592 2763 Theo-

387 2799 511 2863 dericus
532 2800 571 2863 de
593 2798 735 2863 Matstete
760 2800 803 2861 50
822 2797 926 2860 Aaaar
946 2797 993 2859 bei
1013 2796 1069 2859 der
1089 2797 1217 2881 opidum
1240 2796 1323 2860 Novi
1343 2798 1416 2875 fori,
1436 2795 1488 2859 die
1501 2796 1591 2876 joar-

386 2895 447 2959 tica
473 2900 496 2961 2
517 2895 638 2959 Mulier
656 2894 779 2960 Wea'acn
802 2895 871 2957 aad
894 2895 1004 2958 Geraia
1022 2895 1146 2970 aaran,
1172 2894 1231 2974 fair·
1252 2898 1293 2957 15
1310 2893 1409 2957 Morio
1429 2891 1528 2957 Seuer
1546 2913 1592 2956 aa

385 2994 594 3059 Theodericus
615 2994 653 3058 de
673 2994 866 3077 Brantpach,
889 2990 1024 3055 Praester
1044 2992 1080 3054 ia
1100 2992 1156 3055 der
1171 2990 1375 3073 Psorrha'rcbc
1392 2989 1422 3053 S.
1433 2990 1592 3055 Jobounis

384 3112 426 3155 aa
455 3090 589 3173 Ursum,
624 3112 684 3156 aur
716 3091 908 3171 Emhbtanp
928 3090 984 3153 der
1012 3090 1140 3153 Viboric
1172 3092 1224 3154 SS.
1246 3090 1413 3154 catharine
1440 3098 1472 3153 et
1492 3088 1591 3155 Marie

385 3191 541 3271 omkuutt.

437 3304 577 3387 Zcupcu:
605 3306 762 3370 Dominus
783 3306 947 3369 Oeniadas
972 3305 1010 3369 de
1031 3304 1162 3385 Salvelt,
1190 3305 1339 3368 dominus
1358 3304 1531 3367 Heinrious
1551 3304 1590 3367 de

386 3404 565 3483 Wiaaense,
583 3406 689 3468 vicarii
705 3404 835 3468 ecclesie
854 3424 879 3468 s.
894 3403 1061 3481 Iohannis,
1079 3403 1228 3466 dominus
1241 3402 1401 3466 Iohannes
1417 3402 1455 3466 de
1464 3402 1591 3485 Ingens-

384 3502 494 3583 leben,
515 3504 652 3567 vicarius
673 3504 834 3567 ecclesies
855 3502 979 3582 Severi,
1000 3501 1139 3565 'l'hitzelo
1158 3500 1196 3563 de
1212 3498 1406 3583 Martpeohe,
1426 3498 1591 3562 Ditmarus

389 3601 427 3664 de
448 3600 574 3681 Smyre,
595 3600 766 3665 Heinrious
787 3601 825 3664 de
847 3600 999 3679 Stalberc,
1022 3599 1138 3663 Sachso
1160 3604 1192 3661 et
1211 3598 1368 3661 Iohannes
1389 3597 1428 3661 de
1449 3595 1590 3681 Gispers-

383 3699 477 3764 leben
508 3700 593 3764 cives
623 3698 836 3763 Erfurdenses.
888 3696 1005 3761 Datum
1037 3716 1122 3760 anno
1154 3696 1274 3759 domini
1306 3692 1589 3775 nocentur,

384 3798 461 3862 feria
482 3804 572 3862 serta
591 3818 699 3863 mense
720 3798 834 3861 Martii.

431 3914 541 3982 spatae
560 3913 669 3968 Abacbr.
687 3914 725 3967 im
746 3912 938 3981 Groacberzopi.
950 3910 989 3965 St.
1000 3910 1034 3968 A.
1053 3928 1088 3963 au
1103 3910 1229 3965 Wcimar.

285 4106 400 4189 1346.
427 4104 555 4207 April
581 4106 619 4187 8.
647 4105 805 4187 Maina.
1501 4103 1589 4185 aul.

383 4242 512 4322 Petrus,
534 4239 664 4318 Deltae,
685 4241 755 4305 uad
766 4241 825 4304 dos
838 4260 937 4322 ponae
951 4240 1081 4320 Kamai
1096 4239 1126 4305 S.
1136 4239 1265 4305 Vtuoas
1280 4236 1462 4301 aummbodh
1475 4238 1590 4301 Maiae

383 4339 565 4419 vaporatae
592 4338 652 4401 ulle
674 4339 739 4402 ihre
760 4338 794 4401 ia
815 4339 874 4401 den
898 4338 1089 4402 Gonaciadcu
1117 4337 1404 4423 Geyspotsleyben,
1431 4336 1591 4401 Selmena·

383 4438 496 4515 borne,
535 4436 719 4521 Heilingen‚
759 4437 878 4518 Graba,
917 4436 1053 4514 Kornre,
1086 4437 1316 4515 Sohonerstete,
1350 4435 1492 4499 Tidental
1521 4433 1592 4497 aad

382 4537 467 4599 sorori
483 4534 518 4597 ia
536 4532 717 4613 Thairiapeu
736 4534 898 4615 polcpmcn
912 4534 1012 4599 Gtitcr
1033 4534 1101 4597 darn
1113 4533 1221 4597 Herm
1236 4534 1389 4599 Albertus
1408 4534 1448 4597 de
1466 4532 1588 4615 Byche-
