3525 5209
281 365 316 422 52
644 364 918 442 Geschiehtsquellen
935 366 985 426 der
1002 368 1082 431 Prov.
1093 367 1225 431 Sachsen.

282 526 453 585 memorato
476 521 564 584 nullo
593 540 735 604 uuquam
763 528 903 606 tempore
930 526 1029 607 possit
1055 530 1086 587 et
1106 524 1218 588 debeat
1238 523 1385 601 distrahi,
1411 526 1507 588 rendi
1533 526 1585 588 vel

283 619 426 698 alienari,
461 620 544 701 quod
571 621 657 702 prior
682 625 713 682 et
738 620 849 684 fratres
875 641 931 705 pro
962 642 996 685 se
1024 630 1056 685 61
1087 623 1155 686 suis
1184 621 1422 686 successoribus
1453 622 1587 687 fideliter

279 720 498 801 promiserunt
533 716 697 781 Prediotus
711 737 785 781 vero
804 737 920 783 oeusus
933 720 1026 783 datur
1039 721 1078 784 de
1097 720 1195 785 curiis
1218 726 1249 783 et
1269 722 1352 801 agris
1374 739 1410 783 ac
1432 722 1584 803 pomario,

282 818 350 879 sitis
371 818 404 879 in
430 815 505 878 villa
527 822 558 878 et
579 816 698 898 campis
720 815 794 879 ville
819 816 1030 899 Hoplgarten,
1056 825 1087 881 et
1106 838 1126 881 a
1146 819 1290 901 personis
1319 818 1451 881 iuserius
1480 820 1584 903 expri-

281 914 419 991 mendis,
449 920 543 995 prout
567 913 743 995 predictum
771 933 904 977 censum
925 916 1009 978 iusto
1029 916 1198 998 emptionis
1219 917 1311 978 titulo
1331 918 1585 998 comparavimus

279 1011 319 1073 ab
357 1012 508 1074 honorato
540 1012 607 1073 viro
639 1010 767 1073 domino
798 1010 938 1075 Henrioo
973 1012 1055 1076 dieto
1086 1012 1202 1097 Stange
1240 1011 1343 1092 nunc,
1379 1012 1514 1096 plebano
1549 1016 1584 1076 in

279 1108 503 1185 Albrechofen,
531 1116 562 1171 61
585 1110 656 1171 avia
676 1110 746 1171 eius
766 1108 925 1173 Friderics
953 1108 1040 1173 beate
1061 1112 1212 1174 memorie
1233 1098 1385 1194 tanquam
1405 1112 1584 1194 proprium3

278 1214 359 1270 etex
375 1212 500 1269 matura
515 1205 738 1269 deliberatione
754 1208 920 1290 posuimus
931 1207 992 1271 sub
1003 1211 1171 1291 querentis
1185 1215 1217 1271 61
1226 1210 1417 1292 protectione
1429 1208 1583 1272 nobilium

277 1306 477 1367 dominorum
498 1310 693 1383 nostrorum,
725 1304 926 1367 dominorum
948 1304 1078 1368 Heurioi
1108 1313 1140 1369 et
1161 1304 1331 1384 Guutheri,
1364 1308 1516 1369 comitum
1544 1306 1585 1369 de

277 1401 519 1483 Schwarzburg,
541 1400 742 1464 dominorum
761 1404 792 1463 in
808 1403 965 1482 Arnstete,
986 1402 1138 1486 aquibus
1154 1403 1292 1486 predicta
1308 1402 1391 1466 bona
1407 1405 1585 1486 recepimus

276 1502 310 1563 iu
328 1500 431 1577 feudo,
451 1504 482 1561 et
498 1518 585 1561 nune
603 1498 792 1561 venditionis
802 1504 941 1582 tempore
951 1502 1193 1583 procuravimus
1204 1503 1396 1584 appropriari
1407 1501 1583 1584 predictum

276 1616 407 1660 censum
441 1596 595 1678 religiosis
631 1597 707 1659 viris
741 1598 835 1677 priori
867 1604 898 1659 et
928 1598 1088 1661 actoribus
1128 1598 1318 1681 supradictis
1358 1617 1414 1682 per
1441 1604 1584 1681 patentes

276 1695 394 1758 litteras
414 1694 624 1777 predictorum
648 1694 864 1771 dominorum3
887 1701 918 1757 et
939 1700 975 1757 ut
994 1694 1106 1759 fratres
1124 1696 1279 1779 predictos
1297 1695 1336 1759 de
1351 1695 1470 1778 prefato
1483 1714 1582 1759 censu

275 1794 444 1855 reddamus
469 1792 642 1869 cautiores,
663 1794 749 1875 ipsos
772 1793 1055 1856 instrumentaliter
1079 1794 1113 1855 in
1138 1795 1370 1875 possessionem
1389 1792 1581 1876 corporalem
1634 1790 1638 1798 '

275 1894 346 1972 poni
370 1890 516 1965 fecimus,
538 1890 751 1972 supportando
774 1890 850 1972 ipsis
871 1910 1004 1953 censum
1025 1890 1214 1973 prelibatum
1234 1891 1269 1953 in
1289 1891 1406 1953 iudicio
1426 1889 1462 1953 in
1483 1889 1583 1973 Hopl-

273 1996 381 2071 gsrten
403 2006 508 2049 coram
531 1986 674 2050 officiatis
695 1992 725 2050 et
746 1987 878 2050 testibus
900 1988 1034 2052 inferius
1055 1988 1283 2071 exprimendis,
1297 1987 1447 2053 adhibitis
1468 1988 1582 2051 adhoc

276 2084 548 2167 solempnitatibus
576 2084 689 2148 debitis
715 2090 745 2147 et
765 2088 934 2148 consuetis.
987 2084 1069 2148 Nam
1091 2084 1256 2148 conradus
1281 2086 1385 2149 dictus
1405 2084 1583 2168 Sohrspher

275 2184 313 2245 de
342 2184 430 2245 curia
457 2202 514 2243 sara
539 2183 570 2243 in
592 2180 786 2263 Hoplgsrten
816 2190 847 2245 et
876 2184 915 2245 de
945 2182 1075 2245 dimidio
1103 2202 1213 2245 msuso
1233 2203 1292 2246 suo
1311 2182 1344 2245 in
1365 2184 1486 2265 eampis
1507 2183 1583 2247 ville

275 2282 411 2363 predicte
440 2280 525 2342 dabit
546 2280 562 2341 l
583 2279 696 2343 libram
718 2280 920 2343 denariorum
942 2279 1181 2343 Erfordensium
1208 2282 1241 2341 in
1263 2280 1342 2343 festo
1364 2280 1393 2341 b.
1411 2279 1582 2360 Michaelis,

276 2398 371 2459 quam
413 2386 537 2439 tenetur
573 2378 605 2438 in
647 2376 792 2439 Erlordia
828 2377 920 2440 dictis
957 2377 1107 2441 fratribus
1147 2378 1353 2461 personaliter
1392 2385 1581 2461 presentare.

276 2474 351 2537 ltem
382 2474 532 2536 Albanus
560 2474 717 2537 lierwund
750 2481 781 2536 et
810 2477 860 2537 sui
893 2474 1023 2538 heredes
1050 2475 1089 2537 de
1115 2476 1201 2537 oraria
1228 2495 1287 2537 sua
1312 2482 1343 2537 et
1373 2475 1411 2537 de
1449 2474 1581 2539 dimidio

275 2594 383 2636 manso
427 2572 571 2634 similiter
613 2572 734 2635 dabunt
764 2572 779 2633 l
816 2572 928 2635 libram
971 2573 1173 2636 denariorum
1220 2574 1328 2635 eodem
1370 2579 1510 2655 tempore
1550 2579 1582 2636 et

275 2672 373 2735 modo.
423 2670 501 2733 Item
523 2670 575 2732 'ln
597 2670 635 2733 de
656 2668 739 2733 Nore
763 2670 801 2732 de
823 2672 963 2753 pomario
992 2670 1074 2733 dicto
1097 2668 1249 2751 Diberger
1269 2668 1356 2732 dabit
1377 2688 1433 2733 sex
1455 2669 1581 2750 solidos,

274 2767 470 2831 medietatem
507 2770 539 2829 in
566 2768 645 2830 festo
671 2767 854 2849 Walpurgis
884 2774 915 2830 et
948 2767 1147 2830 medietatem
1183 2768 1216 2829 in
1247 2764 1325 2830 festo
1355 2767 1384 2830 b.
1407 2766 1580 2847 Michaelis,

273 2886 354 2948 qnos
385 2865 529 2928 similiter
559 2867 652 2927 otiam
686 2872 810 2929 tenetur
837 2864 989 2926 iratribus
1022 2866 1054 2927 iu
1089 2862 1231 2927 Erfordis
1260 2872 1447 2947 presentare.
1499 2864 1579 2929 Item

273 2962 470 3027 Christianus
491 2965 594 3027 dictus
610 2964 701 3027 Saldo
721 2963 759 3025 de
781 2963 869 3024 curia
890 2982 949 3025 sus
965 2964 997 3023 in
1017 2961 1208 3044 Hopfgsrten
1228 2962 1313 3025 etde
1333 2962 1429 3025 altero
1448 2962 1579 3025 dimidio

273 3083 347 3144 agro
374 3062 460 3125 dabit
486 3061 560 3124 llll.
584 3062 699 3125 solidos
726 3061 928 3123 denariorum
950 3059 1204 3140 Ertordensium',
1226 3060 1423 3123 medietatem
1445 3062 1479 3123 in
1499 3060 1578 3123 festo

274 3160 313 3223 W
315 3161 454 3243 alpurgis
477 3168 507 3221 et
528 3161 725 3223 medietatem
749 3160 781 3221 in
799 3158 878 3221 i'esto
895 3157 1064 3236 Michaelis,
1084 3178 1166 3239 quos
1184 3158 1329 3221 similiter
1343 3159 1438 3221 etiam
1454 3164 1581 3221 tenetur

272 3259 306 3320 in
323 3258 465 3320 Eriordis
483 3264 671 3339 presentare.
704 3256 739 3317 ln
759 3257 851 3318 66166
868 3256 912 3318 rei
928 3255 1118 3318 evidentiam
1141 3263 1172 3318 et
1192 3256 1408 3318 testimouium
1432 3257 1579 3319 omnium

273 3356 497 3438 premissorum
534 3360 710 3436 presentem
743 3353 877 3416 litteram
919 3352 1046 3435 prefatis
1072 3352 1223 3415 fratribus
1249 3351 1309 3415 sub
1338 3360 1446 3415 nostro
1475 3353 1578 3433 sigillo

273 3454 460 3515 tradidimus
490 3454 727 3514 currimnnitam.
780 3450 923 3513 Predicte
954 3469 1028 3513 vero
1060 3450 1230 3532 emptionis
1261 3455 1356 3515 testes
1387 3459 1478 3513 sunt:
1513 3450 1577 3533 Gy·

272 3550 392 3613 selerus
424 3548 606 3625 ersdrsns,
642 3547 813 3628 Gyselerus
839 3546 982 3628 Sygeler,
1008 3546 1195 3629 Rudolphus
1223 3546 1354 3629 Sygeler
1376 3555 1408 3612 et
1428 3548 1577 3631 Syfridus

272 3648 310 3711 do
333 3646 501 3709 Kezilborn
525 3648 609 3709 cives
630 3645 845 3708 Erfordenses.
895 3644 1002 3708 Testes
1023 3652 1128 3708 autern
1152 3647 1399 3727 supportationis
1419 3656 1451 3711 et
1469 3668 1578 3733 recog·

273 3746 401 3807 nitionis
422 3746 453 3805 in
477 3743 669 3825 Hopfgarten
693 3749 784 3805 sunt:
811 3742 937 3824 Witego
957 3742 1144 3806 Storemann
1167 3741 1352 3823 heimburge
1373 3744 1471 3808 huius
1491 3750 1578 3830 anni,

274 3842 422 3905 Nicolsns
444 3842 481 3902 de
503 3840 657 3903 Honheim
679 3840 831 3903 ot'fioiator
852 3860 892 3903 ex
914 3846 1001 3923 parte
1018 3838 1121 3902 lacobi
1143 3840 1183 3903 de
1205 3838 1306 3913 Senis,
1323 3838 1377 3903 Th.
1392 3839 1578 3926 Schmpher,

273 3940 396 4002 Conrad
429 3938 569 4017 Huther,
606 3937 660 4002 Th.
690 3937 852 4002 Brunonis
888 3943 919 4001 et
954 3943 1019 4001 tota
1055 3938 1268 4000 communitas
1300 3936 1374 4001 ville
1405 3959 1471 4003 uus
1500 3961 1577 4006 cum

273 4037 405 4121 plebano
429 4036 483 4100 Th.
506 4038 544 4099 de
565 4035 735 4101 Herebold.
779 4035 924 4099 Predicta
946 4037 1139 4118 supportatio
1161 4034 1243 4098 facta
1263 4041 1311 4099 est
1330 4054 1437 4099 eoram
1458 4036 1513 4104 Th.
1536 4040 1577 4104 de

272 4136 400 4213 Grizen,
430 4135 580 4197 advocato
601 4136 634 4197 in
656 4132 834 4199 Viselbsoh.
878 4132 915 4195 In
943 4130 1120 4213 Utensberg
1140 4137 1235 4196 166166
1263 4138 1356 4195 sunt:
1388 4131 1575 4201 Dithmsrus

271 4234 309 4295 de
330 4232 488 4304 Molhuse‚
520 4231 616 4294 frater
642 4232 803 4314 quondam
825 4230 946 4293 dornini
969 4230 1066 4293 huius
1086 4231 1222 4313 episcopi
1244 4229 1364 4292 ordinis
1384 4234 1499 4312 nostri,
1520 4233 1576 4301 Tb.

271 4332 308 4393 de
323 4332 514 4407 Suzerstete,
535 4330 707 4393 advocatus
728 4330 848 4391 domini
863 4327 986 4391 Alberti
1002 4326 1261 4409 deHoplgarteu,
1282 4335 1314 4389 et
1333 4325 1515 4411 liudigerus
1536 4332 1576 4395 de

270 4428 372 4505 Nore,
405 4427 545 4490 famulus
572 4428 728 4497 eiusdem,
760 4436 790 4490 61
817 4425 1022 4508 quamplures
1041 4424 1094 4488 alii
1115 4424 1177 4487 lide
1197 4424 1292 4505 digni.
1345 4422 1463 4491 Datum
1491 4448 1578 4494 anno

272 4525 393 4591 domini
414 4523 454 4587 M.
467 4522 550 4589 OOC.
564 4522 702 4605 XXIX,
721 4524 799 4588 feria
822 4522 858 4586 V.
881 4529 953 4587 snte
974 4522 1163 4586 dominicam
1182 4520 1351 4589 lhinitstis.
