3525 5209
253 389 314 446 '144
561 424 565 430 ·
615 390 890 464 Geachichtsquellen
907 391 957 448 der
976 379 1057 448 Prov.
1076 391 1208 453 Sachsen.

258 533 369 628 1337.
398 538 588 624 Oktoher
612 541 677 625 24.
704 543 949 626 lihreniels.
1478 543 1568 626 lue.

355 675 524 756 Heinrich,
560 677 746 761 Erebiscbof
765 700 825 743 cerv
851 677 983 758 Maior,
1009 679 1176 762 widcrruft
1205 677 1267 743 alle
1295 678 1446 743 wtihrcnd
1470 679 1570 742 selues

358 775 484 841 Streites
520 777 578 840 mit
597 777 712 840 acinam
736 773 937 858 Domlcupitel
964 777 1140 842 erlusscaen
1168 775 1368 858 Strafurteile
1397 777 1466 840 aad
1490 775 1570 840 ueto

355 873 433 938 alles
453 873 490 937 a'n
511 873 571 937 den
592 873 676 938 alten
697 873 808 941 Stond.

408 990 453 1046 Or.
471 991 523 1045 mit
539 991 566 1045 S.
584 992 623 1044 im
639 991 678 1046 D.
695 992 731 1050 A.

335 1095 514 1176 Heinricus,
529 1095 589 1160 Dei
603 1099 703 1180 gratia
722 1117 747 1162 s.
774 1095 961 1181 Magantinc
977 1099 1060 1163 sedis
1075 1098 1328 1183 archiepiscopus
1344 1099 1425 1164 sacri
1443 1098 1567 1181 imperii

248 1213 310 1277 per
331 1194 533 1259 Germaniam
565 1195 875 1266 archicancellarius,
900 1194 1022 1259 dilectis
1049 1197 1083 1258 in
1106 1195 1230 1262 Christo
1251 1196 1431 1276 abbatibus,
1458 1215 1568 1280 prepo-

250 1289 333 1371 sitis,
350 1293 490 1372 decanis,
503 1291 639 1376 prelatis,
659 1291 809 1376 plebanis,
825 1292 1036 1377 vicoplebanis
1057 1299 1089 1356 et
1110 1295 1235 1358 vicariis
1255 1295 1520 1360 monasteriorum
1535 1299 1567 1358 et

255 1390 458 1454 ecclesiarum
482 1409 539 1474 per
566 1391 723 1456 civitatem
746 1397 778 1454 et
810 1389 978 1456 dioecesim
1005 1390 1209 1474 Magantinas
1229 1393 1422 1471 constitutis,
1449 1391 1567 1475 quibus

254 1494 415 1571 presentes
435 1487 576 1552 exhibite
595 1488 727 1567 fuerint,
753 1488 888 1553 salutem
916 1490 949 1552 in
970 1487 1111 1552 Domino
1143 1509 1217 1554 cum
1252 1489 1429 1554 indubitata
1450 1491 1566 1554 noticia

257 1585 517 1669 subscriptorum.
566 1584 686 1650 Omnes
712 1592 744 1650 et
772 1586 916 1668 singulas
942 1588 1155 1669 privationum
1189 1588 1361 1653 sententias
1395 1587 1435 1652 de
1464 1578 1566 1672 digni-

255 1683 381 1763 tatibus,
401 1683 630 1768 personatibus,
650 1684 772 1762 officiis,
790 1684 1041 1761 canonicatibus,
1070 1684 1238 1769 prebendis
1259 1691 1290 1750 et
1310 1685 1380 1748 aliis
1403 1683 1565 1751 beneficiis

253 1781 472 1846 ecclesiasticis
489 1801 563 1846 cum
585 1801 663 1845 cura
678 1781 729 1846 vel
750 1784 820 1846 sine
842 1801 920 1846 cura
938 1782 1187 1866 quibuscunque
1209 1805 1227 1848 a
1248 1789 1388 1865 ternpore
1403 1781 1468 1846 litis
1483 1784 1565 1848 inter

251 1898 311 1943 nos
340 1898 380 1943 ex
409 1899 491 1960 una,
521 1885 553 1944 et
572 1879 772 1944 honorabiles
797 1881 884 1943 viros
915 1882 1119 1964 prepositum,
1149 1882 1303 1946 decanum
1327 1887 1359 1944 et
1389 1880 1562 1963 capitulum

251 1981 398 2040 nostrum
430 1975 656 2059 Maguntinum
689 1996 787 2063 super
814 1979 983 2061 proviscne
1014 1978 1145 2044 ecclesie
1172 1984 1279 2043 nostre
1308 1977 1493 2060 Magantine
1522 1997 1563 2042 ex

249 2073 349 2138 altera
376 2079 463 2157 parte
490 2073 608 2153 habite,
635 2094 691 2158 per
715 2095 775 2139 nos
804 2096 862 2140 seu
889 2078 1074 2140 auctoritate
1099 2082 1207 2140 nostra
1231 2083 1341 2142 rocha
1366 2076 1503 2159 prelatos
1532 2081 1565 2140 et

251 2172 380 2235 clericos
407 2190 635 2254 quoscunque,
663 2175 718 2255 qui
739 2173 822 2238 dicto
848 2180 956 2238 nestro
977 2174 1114 2258 capitulo
1135 2179 1275 2257 tempore
1295 2173 1360 2238 litis
1380 2174 1563 2242 huiusmodi

252 2269 452 2343 adherebant,
474 2270 552 2333 latas
572 2289 609 2333 ac
629 2273 724 2336 etiarn
745 2290 914 2355 processus
934 2291 1143 2355 quoscunque
1165 2289 1260 2354 super
1279 2271 1342 2336 hiis
1363 2290 1400 2334 ac
1419 2271 1561 2356 ipsorum

251 2368 417 2431 occasione
435 2385 492 2450 per
512 2386 572 2430 nos
592 2386 648 2431 seu
670 2370 904 2433 commissarios
927 2369 975 2432 vel
1008 2374 1193 2434 executores
1222 2375 1347 2434 nostros
1373 2371 1562 2452 generahtor

250 2485 308 2529 ssu
335 2466 511 2549 specialiter
531 2465 697 2549 deputatos
724 2487 744 2529 a
770 2467 863 2532 nobis
887 2467 1010 2532 habitos
1038 2474 1069 2532 st
1094 2467 1207 2548 factos,
1238 2485 1363 2532 necnon
1397 2486 1509 2532 omnes
1530 2475 1561 2532 et

250 2561 394 2644 singulas
417 2563 600 2627 collationes
626 2583 664 2627 ac
690 2567 888 2647 provisiones
916 2567 955 2629 de
982 2566 1074 2630 dictis
1098 2564 1313 2648 dignitatibus,
1340 2565 1560 2648 personatibus

248 2665 281 2724 et
312 2660 473 2738 beneficiis
504 2661 647 2744 personis
671 2661 919 2746 quibuscunque
945 2667 1109 2728 occasione
1134 2664 1348 2746 privationum
1377 2663 1559 2728 huiusmodi

246 2777 303 2842 per
332 2778 392 2824 nos
418 2779 476 2824 seu
501 2767 627 2823 nostros
657 2759 691 2822 in
723 2761 782 2824 hac
811 2768 900 2845 parte
926 2762 1161 2826 commissarios
1189 2779 1226 2824 ac
1254 2767 1395 2844 ternpore
1423 2767 1560 2846 pretacte

245 2855 314 2923 litis.
328 2857 426 2921 factas
445 2878 483 2921 ac
508 2860 603 2923 etiam
624 2860 732 2923 omnia
761 2866 793 2922 et
821 2858 948 2942 singula
974 2861 1008 2922 in
1029 2858 1185 2922 dictorum
1206 2859 1398 2943 prelatorum
1418 2863 1449 2924 et
1469 2859 1559 2924 cleri-

170 2954 173 2959 ’
245 2974 356 3018 corum
382 2975 554 3035 gravamen
584 2966 616 3020 et
641 2957 851 3042 preiudicium
878 2957 1115 3040 quomodolibet
1143 2962 1301 3039 acceptata
1328 2975 1370 3022 ex
1398 2959 1492 3022 certis
1527 2964 1559 3023 et

243 3052 484 3117 rationabilibus
509 3057 615 3118 causis
634 3075 691 3119 uos
723 3053 763 3119 ad
785 3055 845 3118 hoc
877 3054 1079 3119 moventibus
1114 3055 1324 3133 cassavimus,
1356 3055 1559 3130 adurimus,

243 3152 476 3228 revocavimus,
504 3171 684 3231 cassamus,
712 3153 888 3226 irritamus,
925 3171 963 3214 ac
995 3157 1103 3217 tenore
1138 3153 1331 3236 presentium
1361 3171 1557 3234 revocamus,

243 3247 370 3312 eosdem
399 3248 536 3332 prelatos
561 3255 594 3314 et
619 3249 750 3314 clericos
775 3269 812 3313 ac
838 3248 1012 3332 quemlibet
1039 3251 1180 3332 ipsorum
1208 3249 1248 3314 ad
1276 3248 1462 3332 dignitates,
1488 3270 1557 3335 per·

243 3351 374 3410 senatus
405 3354 437 3410 et
467 3346 631 3426 beneficia,
667 3345 801 3430 quibua,
834 3354 871 3411 ut
904 3348 1110 3431 premittitur,
1147 3348 1261 3431 privati
1291 3347 1430 3428 fuerant,
1465 3347 1556 3433 plene

244 3445 457 3516 restituendos
478 3463 516 3508 ac
535 3446 570 3508 iu
590 3450 708 3508 statum
729 3445 900 3527 pristinum
920 3445 1118 3528 reponendos
1137 3445 1204 3509 iore
1225 3446 1409 3510 auctoritate
1429 3465 1557 3530 presen-

241 3543 323 3607 tium
368 3542 577 3617 declarantes,
616 3561 742 3605 omnem
788 3541 1015 3609 nichilominus
1062 3547 1246 3625 potestatem
1284 3543 1367 3605 circa
1401 3545 1557 3627 premissa

242 3641 390 3722 pretectis
409 3639 635 3704 executoribus
663 3646 695 3704 et
720 3641 946 3704 commissoriis
966 3639 1025 3712 sub
1053 3659 1245 3724 quacunque
1265 3641 1366 3704 torma
1387 3640 1556 3708 verborum

241 3755 297 3820 per
316 3757 376 3800 nos
394 3736 550 3816 traditam,
572 3737 772 3820 presentibus
787 3747 981 3802 revocantes
1024 3737 1209 3802 iuhibemus
1225 3739 1357 3821 insuper
1373 3741 1555 3804 memoratis

239 3836 392 3918 personis,
411 3853 453 3897 ne
473 3834 620 3918 deinceps
641 3835 733 3898 dictis
753 3835 1000 3919 provisionibus,
1030 3835 1250 3900 collationibus
1271 3842 1326 3900 atrt
1346 3835 1555 3919 processibus,

241 3951 336 4016 super
356 3934 402 3995 eis
422 3931 547 4010 habitis,
566 3939 705 4012 utantur,
723 3939 780 3997 aut
800 3953 835 3996 se
854 3933 895 3998 de
921 3931 1128 4016 dignitatibus
1156 3941 1187 3996 et
1213 3932 1375 3997 beneficiis
1405 3935 1554 4020 predictis

239 4031 403 4094 occasione
422 4031 640 4114 provisionum
657 4037 689 4094 et
702 4030 906 4094 collationum
924 4031 1106 4095 huiusmodi
1118 4031 1319 4114 aliquatenus
1332 4033 1550 4098 intromittant.

136 4176 138 4181 -
239 4127 306 4192 Nos
326 4129 411 4192 enim
433 4129 588 4211 quidquid
610 4135 720 4192 contm
739 4130 894 4211 premissa
914 4129 964 4191 vel
983 4147 1093 4192 eorum
1113 4129 1242 4213 aliquod
1263 4151 1282 4194 a
1303 4149 1497 4214 quocunque
1518 4132 1552 4194 in

239 4226 397 4290 dictorum
432 4226 623 4309 prelatorum
660 4234 692 4291 et
730 4226 917 4290 clericorum
955 4227 1163 4309 preiudicium
1200 4235 1421 4311 attemptatum
1449 4227 1554 4308 fuerit,

238 4324 437 4387 decrevimus
468 4324 600 4393 irritum¹
623 4331 654 4388 et
684 4326 788 4387 inane.
840 4322 958 4388 Datum
991 4323 1143 4390 Erenvels
1172 4323 1230 4390 IX.
1264 4324 1333 4390 Kal.
1361 4324 1552 4393 Novembris

237 4441 321 4486 anno
343 4419 471 4484 Domini
493 4420 534 4487 M.
547 4421 629 4485 000.
649 4421 823 4492 XXXVII.
