3525 5209
489 386 720 450 Urkuudeabnch
738 391 889 451 der-Stadt
906 393 1011 451 Erfurt.
1047 395 1086 454 ll.
1100 387 1185 451 Theil.
1441 395 1489 454 561

185 548 370 614 huiusmodi
391 548 553 631 usquead
575 554 718 612 noenum
740 553 771 612 et
791 547 934 611 eiusdem
955 547 1038 610 sedis
1059 546 1291 630 beneplacitum
1313 550 1352 614 ad
1363 551 1490 618 easdem

184 668 301 712 manus
321 653 445 710 nostras
473 653 504 710 et
531 646 612 710 dicte
634 647 718 710 sedis
739 646 938 710 decrevimus
958 645 1136 724 retinenda,
1164 646 1374 728 attendentes,
1402 651 1487 733 quod

185 745 369 811 huiusmodi
398 746 614 808 iuramentum
649 746 850 809 temerarium
880 763 917 808 ac
943 743 1089 806 illicitum
1118 745 1225 808 existit
1263 751 1294 808 et
1323 746 1361 809 ad
1388 749 1490 830 ipsius

187 845 439 909 observationem
466 843 576 926 prefati
604 843 821 926 proconsules,
857 841 1003 906 consules
1034 847 1066 905 et
1097 842 1223 925 opidani
1253 844 1297 907 de
1325 845 1394 908 iure
1424 866 1486 908 nou

185 947 342 1022 tenentur,
362 961 400 1006 ac
422 944 585 1018 cupientes
607 941 763 1005 dictorum
784 940 1029 1025 proconsulum,
1050 940 1219 1014 consulum
1235 946 1265 1005 et
1280 942 1488 1025 opidanorum

188 1043 369 1105 animarum
402 1039 496 1104 saluti
523 1044 687 1103 eteorum
721 1041 817 1103 statui
851 1039 884 1101 in
917 1039 975 1101 hac
1008 1045 1096 1122 parte
1124 1036 1292 1103 salubriter
1319 1042 1492 1123 providere,

186 1138 372 1204 huiusmodi
391 1136 675 1220 supplicationibus
694 1137 856 1214 inclinati,
877 1137 1058 1200 discretioni
1081 1141 1149 1215 tue,
1175 1138 1213 1200 de
1239 1157 1303 1220 qua
1324 1139 1357 1202 iu
1379 1139 1440 1203 hiis
1461 1146 1492 1204 et

188 1239 259 1302 aliis
285 1237 451 1320 specialem
474 1237 507 1298 in
535 1234 673 1299 Domino
700 1234 850 1299 fiduciam
877 1235 1072 1314 obtinemus,
1100 1255 1155 1319 per
1183 1235 1353 1318 apostolica
1378 1239 1493 1322 scripta

189 1338 418 1400 committimus
438 1340 469 1398 et
488 1334 692 1414 mandamus,
718 1335 870 1416 quatinus
896 1334 935 1397 ad
964 1333 1138 1417 predictum
1161 1335 1290 1417 opidum
1314 1355 1369 1419 per
1391 1343 1420 1401 te
1442 1336 1492 1402 vel

189 1454 244 1518 per
264 1436 363 1498 alium
385 1433 527 1510 accedas,
547 1440 578 1495 et
599 1438 767 1515 postquam
788 1432 918 1514 predicti
941 1433 1144 1515 proconsules
1165 1441 1196 1496 et
1216 1434 1364 1498 consules
1384 1455 1421 1498 ac
1439 1437 1494 1499 alii

189 1534 228 1596 de
249 1533 341 1596 dictis
362 1530 522 1615 opidanis,
543 1531 582 1594 de
603 1530 721 1613 quibus
741 1531 798 1595 tibi
821 1530 980 1594 videbitur
1000 1530 1161 1615 expedire,
1184 1531 1218 1593 in
1245 1532 1309 1596 tuis
1327 1534 1377 1597 vel
1399 1535 1494 1612 illius,

191 1633 242 1695 cni
270 1633 356 1694 vices
384 1638 456 1694 tuas
482 1648 578 1711 super
605 1630 664 1692 hoc
690 1628 822 1692 forsitan
844 1629 975 1692 duxeris
997 1629 1215 1709 remittendas,
1236 1649 1415 1715 superque
1437 1633 1494 1696 tibi

188 1729 392 1793 concedimus
415 1734 523 1792 tenore
544 1728 738 1810 presentium
756 1727 955 1805 facultatem,
975 1726 1123 1791 manibus
1140 1728 1316 1792 iuraverint
1335 1747 1392 1793 seu
1410 1729 1492 1794 bona

190 1828 252 1892 tide
280 1827 494 1911 promiserint,
534 1831 590 1889 aut
623 1827 816 1905 cautionem,
855 1823 895 1888 de
936 1845 1000 1908 qua
1040 1823 1096 1888 tibi
1137 1826 1286 1909 expedire
1326 1826 1492 1909 videbitur,

191 1926 397 2010 prostiterint,
429 1925 513 2008 quod
550 1924 669 2006 prefato
704 1924 829 1987 intruso
862 1922 912 1986 vel
943 1923 1037 1986 alicui
1068 1923 1157 1987 alteri
1185 1925 1216 1986 in
1251 1924 1333 1988 dicta
1363 1926 1495 1991 ecclesia
1550 1979 1554 1985 .

191 2023 379 2106 Magantina
406 2026 514 2086 contra
547 2022 703 2104 prefatum
739 2021 1009 2104 archiepiscopum
1040 2021 1170 2086 forsitan
1196 2022 1387 2086 intrudendo
1431 2045 1493 2087 oon

192 2121 377 2206 prestabunt
398 2120 583 2198 consilium,
605 2119 762 2182 auxilium
785 2120 835 2182 vel
854 2119 994 2184 favorem
1016 2120 1131 2184 directe
1153 2120 1202 2184 vel
1225 2120 1349 2200 directe,
1369 2122 1495 2204 publice

192 2221 241 2284 vel
262 2219 398 2297 occulte,
419 2227 450 2282 et
471 2217 555 2301 quod
577 2219 610 2280 in
628 2218 705 2297 hiis,
732 2225 857 2301 propter
889 2237 951 2301 que
981 2218 1053 2281 dicti
1077 2237 1244 2301 processus
1273 2225 1382 2282 contra
1411 2221 1495 2302 ipsos

191 2319 263 2382 facti
285 2319 430 2395 fuerunt,
451 2317 568 2380 nostris
589 2324 620 2378 et
641 2315 770 2380 ecclesie
790 2316 948 2381 mandatis
968 2316 1121 2396 obedient,
1143 2323 1174 2380 et
1196 2317 1279 2399 quod
1304 2317 1420 2380 vicario
1440 2337 1496 2400 per

191 2424 222 2480 te
249 2416 299 2479 vel
322 2416 427 2493 illum,
455 2416 506 2476 cui
534 2415 639 2477 forsan
668 2415 754 2478 vices
776 2421 847 2478 tuas
868 2415 1078 2492 commiseris,
1106 2420 1143 2478 ut
1172 2414 1333 2498 prefertur,
1358 2416 1495 2478 indicto

193 2513 285 2598 opido
311 2513 457 2597 ponendo
488 2514 521 2574 in
550 2511 675 2575 iuribus
701 2511 1019 2596 archiepiscopalibus
1046 2512 1216 2596 parebunt,
1248 2531 1358 2576 eorum
1391 2517 1496 2576 tamen

194 2613 291 2676 salvis
304 2611 490 2695 privilegiis,
512 2610 735 2692 indulgentiis,
755 2609 1058 2691 consuetudinibus,
1079 2611 1213 2690 statutis,
1233 2609 1499 2690 concessionibus,

192 2710 318 2775 iuribus
338 2714 370 2774 et
391 2708 618 2789 observantiiS,
650 2727 706 2791 per
730 2708 847 2772 dictam
877 2707 1098 2791 Magantinam
1119 2708 1283 2772 ecclesiam
1304 2713 1360 2771 aut
1380 2709 1498 2771 archie-

193 2811 338 2894 piscopos
370 2828 426 2892 pro
457 2815 597 2890 ternpore
626 2807 797 2871 existentes
825 2807 1063 2890 permississe!
1091 2808 1264 2887 concessis,
1301 2807 1419 2888 quibus
1450 2807 1498 2869 rel

194 2907 288 2972 alicui
309 2909 451 2991 ipsorum
479 2907 512 2968 in
540 2905 647 2987 aliquo
675 2924 739 2967 non
761 2905 957 2968 intendimus
983 2905 1146 2988 derogare,
1172 2905 1308 2988 prefatos
1334 2924 1500 2988 processus

193 3013 224 3070 et
248 3007 421 3070 sententias
452 3006 637 3068 auctoritate
662 3002 832 3085 apostolica
858 3022 962 3084 usque
989 3003 1028 3065 ad
1058 3011 1179 3067 certum
1206 3009 1345 3086 tempus,
1373 3003 1411 3066 de
1436 3023 1499 3086 quo

195 3104 252 3168 tibi
270 3102 437 3181 videbitur,
458 3101 635 3185 suspendas
655 3099 706 3163 vel
721 3099 811 3163 tollas
832 3106 863 3163 et
875 3100 1009 3176 relaxes,
1031 3119 1068 3163 ac
1079 3101 1261 3164 huiusmodi
1277 3103 1500 3180 iuramentum,

195 3221 258 3285 quo
280 3202 354 3265 dicti
386 3200 604 3284 proconsules,
634 3199 781 3262 consules
811 3205 843 3261 et
863 3199 991 3281 opidani
1011 3199 1137 3281 prefatis
1158 3199 1285 3264 decano,
1308 3204 1339 3263 et
1356 3199 1500 3282 capitulo,

194 3306 230 3364 ut
261 3299 427 3383 prefertur,
459 3302 534 3362 sunt
564 3298 701 3373 astricti,
733 3301 892 3379 quatenns
926 3297 964 3360 de
997 3298 1078 3360 facto
1118 3299 1283 3380 processit,
1315 3299 1500 3362 auctoritate

196 3399 335 3481 predicta
368 3397 489 3461 relaxes
523 3395 667 3479 illudque
693 3394 862 3459 denunties
891 3414 955 3459 non
983 3396 1184 3459 servandum.
1232 3394 1273 3458 Ε]
1303 3397 1435 3478 insuper
1466 3398 1499 3459 in

195 3497 305 3560 eodem
319 3495 411 3578 opido
433 3501 465 3558 et
484 3497 553 3558 eius
568 3493 713 3557 districtu
727 3493 864 3575 aliquem
879 3492 1013 3576 probum
1036 3495 1141 3557 virum
1161 3494 1200 3558 ad
1221 3494 1280 3557 hoc
1302 3493 1452 3557 idoneum
1471 3502 1501 3557 et

194 3593 336 3668 fidelem,
365 3612 459 3675 quem
483 3592 613 3655 duxeris
639 3591 831 3672 eligendum,
857 3597 964 3654 nostro
996 3597 1026 3654 et
1046 3590 1188 3655 Romane
1216 3591 1346 3655 ecclesie
1372 3594 1501 3655 nominc

198 3693 351 3755 vicariurn
374 3692 520 3773 deputes,
539 3691 594 3774 qui
616 3689 734 3752 dictum
760 3688 889 3771 opidum
910 3690 1031 3754 eteius
1052 3689 1229 3754 districtum
1253 3695 1360 3754 nostro
1376 3696 1406 3754 et
1421 3690 1501 3754 dicte

198 3790 329 3854 ecclesie
356 3792 484 3852 nomine
512 3789 544 3850 in
573 3785 791 3870 spiritualibus
817 3807 854 3851 ac
877 3786 1106 3870 temporalibus
1125 3786 1281 3871 gubernet
1302 3794 1333 3851 et
1353 3797 1440 3868 regat
1472 3797 1503 3852 et

198 3889 414 3952 omnimodam
436 3887 685 3951 iurisdictionem
708 3884 823 3948 ibidem
846 3904 993 3950 exercere
1014 3888 1112 3968 possit
1133 3891 1162 3948 et
1181 3885 1307 3968 debeat,
1327 3893 1420 3969 prout
1437 3890 1502 3951 veri

198 3988 422 4069 archiepiscopi
434 3985 621 4069 Magantini,
639 3986 694 4067 qui
705 3983 837 4047 fuerunt
848 4003 903 4067 pro
915 3989 1064 4067 tempore,
1075 3984 1162 4048 illam
1174 4003 1320 4048 exercere
1331 3993 1503 4068 potuerunt

196 4105 254 4150 seu
301 4087 397 4148 etiam
438 4083 628 4160 debuerunt,
670 4084 771 4148 donec
817 4085 922 4149 dictus
971 4086 1226 4168 archiepiscopus
1272 4088 1502 4168 possessionem

198 4183 481 4248 administrationis
498 4181 653 4245 bonorum
666 4183 703 4244 ad
715 4201 857 4246 mensam
869 4203 961 4248 suam
973 4183 1269 4267 archiepiscopalem
1281 4182 1501 4267 Magantinanr

199 4283 409 4364 spectantium
438 4281 571 4364 adeptus
596 4287 626 4344 et
654 4281 691 4344 ad
715 4281 829 4344 dictam
852 4282 1015 4345 ecclesiam
1039 4281 1222 4363 Magantia,
1243 4290 1279 4345 ut
1304 4285 1504 4365 premittitur,

195 4385 340 4463 receptus
361 4380 457 4442 fuerit
477 4385 508 4442 et
526 4379 693 4443 admissus.
736 4377 855 4442 Datum
875 4381 1036 4443 avinione
1058 4380 1096 4442 ll.
1121 4380 1198 4443 Idus
1222 4377 1375 4462 Ianuarii,
1402 4384 1503 4466 ponti·

196 4477 309 4542 ficatus
330 4479 429 4541 nostri
449 4496 534 4540 anno
555 4483 652 4540 sexto.

251 4683 398 4737 ommam.
408 4686 475 4728 arr.
486 4685 508 4728 s.
523 4684 680 4729 caraxari.
696 4690 717 4730 a.
1322 4696 1356 4752 30
