3525 5209
263 372 295 427 10
622 369 895 441 Geschichtsquellen
914 369 963 423 der
981 369 1061 425 Prov.
1074 368 1205 426 Sschsen.

363 520 454 585 Βοιώ
473 520 512 583 de
530 518 739 602 anroeze‘om
758 520 916 602 ordeum,
938 518 1068 583 dieselde
1086 520 1160 583 aber
1183 518 1252 582 dem
1275 517 1451 597 Vertouter
1472 537 1570 598 pepon

361 619 451 682 ciem
472 618 551 681 Zios
571 618 683 683 wieder
702 620 858 698 dbortmp.

416 736 461 794 Or.
471 736 520 789 init
529 736 557 791 S.
566 738 624 804 auf
627 736 674 789 der
683 736 965 805 Hereopl.4Bd›dr'othek
973 750 1008 788 su
1022 734 1216 800 Woiscnbdttcl.

344 840 408 923 Ego
419 840 575 905 Rudolius
589 842 626 905 de
642 840 888 921 Hervirsleiben,
906 846 1001 904 notus
1018 838 1178 925 quondam
1194 838 1352 901 Johannis
1367 837 1406 901 do
1420 837 1568 901 Hervirs·

265 938 366 1001 leiben
395 940 520 1017 militis,
547 958 737 1022 recognosco
758 938 884 1023 publice
906 946 1013 1002 tenore
1040 939 1233 1020 presentium
1260 935 1451 1013 litterarum,
1483 935 1569 1018 quod

266 1037 316 1097 vir
341 1036 492 1100 honestus
513 1034 675 1100 Berwicns
703 1036 807 1101 dictus
829 1036 867 1100 de
890 1034 1047 1099 Rodostok
1069 1034 1224 1117 opidanus
1245 1032 1444 1096 Erfordensis
1464 1052 1568 1095 unum

263 1132 429 1197 dimidium
457 1154 606 1197 mensum
624 1134 806 1218 proprium,
827 1154 883 1198 seu
906 1135 962 1217 qui
981 1134 1126 1216 proprius
1147 1137 1202 1210 est,
1222 1136 1303 1194 terre
1324 1129 1451 1194 erabilis
1471 1130 1567 1194 situm

262 1232 296 1293 in
318 1233 437 1315 campis
459 1232 532 1295 ville
546 1229 768 1312 Rynkeleibin,
790 1234 845 1315 qui
857 1231 1017 1315 quondam
1038 1230 1099 1293 fuit
1117 1228 1257 1293 Bertoldi
1277 1226 1318 1292 do
1330 1226 1568 1299 Hastinsleibin,

266 1328 349 1411 opud
371 1328 560 1412 Lutegerum
590 1330 708 1393 dietum
736 1328 826 1393 Roob
853 1330 892 1393 de
916 1327 1125 1409 Rynkeleibin
1151 1346 1207 1412 pro
1234 1326 1414 1410 quindecim
1443 1326 1569 1391 talentis

263 1426 462 1490 denariorum
486 1426 724 1491 Eriordensium
757 1428 816 1491 sibi
845 1426 1022 1511 plenimode
1048 1425 1173 1504 solutiS,
1203 1424 1340 1507 legitime
1366 1427 1568 1507 comparavit,

263 1542 358 1605 quem
385 1526 517 1607 inquam
547 1525 713 1588 dimidium
740 1544 888 1588 mansum
915 1524 1054 1607 prefatus
1081 1523 1244 1586 Berwions
1274 1526 1402 1585 econtra
1427 1522 1513 1584 misit
1538 1528 1570 1585 et

263 1620 379 1684 locavit
404 1624 523 1705 prefato
544 1620 698 1705 Lutegero
726 1628 757 1685 et
777 1620 938 1686 Mechtildi
964 1624 1139 1685 uxorisne
1167 1619 1318 1703 legittime
1346 1618 1384 1683 ad
1414 1622 1465 1685 ios
1482 1620 1569 1684 here-

262 1718 424 1798 ditonum,
453 1721 497 1783 sic
525 1720 609 1803 qnod
631 1718 806 1803 Lutegeros
834 1726 864 1783 et
887 1719 1064 1783 Meehtildis
1084 1718 1215 1802 predicti
1237 1737 1338 1782 unum
1361 1718 1517 1781 maldrum
1538 1724 1571 1783 ot

263 1814 428 1879 dimidium
449 1816 616 1895 maldrum,
638 1816 756 1881 scilicet
775 1819 833 1881 tris
849 1818 1003 1900 quartalia
1024 1818 1175 1879 frumenti
1191 1821 1222 1879 et
1238 1816 1297 1879 trio
1311 1810 1466 1898 quartalia
1480 1817 1567 1879 ordei

262 1915 391 1977 nomine
411 1915 486 1977 iusti
508 1932 623 1977 census
644 1912 821 1979 hereditarii
845 1934 968 1998 semper
989 1916 1021 1977 in
1042 1916 1120 1978 festo
1143 1914 1223 1977 besti
1246 1913 1429 1978 Michshelis
1450 1914 1569 1997 prefato

263 2008 403 2074 Berwioo
425 2017 455 2074 et
477 2012 544 2075 suis
567 2010 735 2075 heredibus
757 2012 830 2076 dere
852 2012 967 2075 debent
986 2017 1016 2076 et
1037 2014 1129 2075 annis
1150 2012 1285 2096 singulis
1306 2011 1345 2075 de
1360 2012 1441 2075 dicto
1458 2032 1569 2076 manso

263 2106 393 2172 dimidio
415 2110 577 2173 exsolvere
597 2109 799 2173 tenebuntur.
842 2108 899 2173 Est
919 2110 1012 2173 etiam
1035 2112 1066 2171 in
1091 2108 1173 2171 dioto
1194 2113 1357 2171 oontmctn
1371 2116 1402 2171 et
1415 2109 1570 2175 locotione

263 2204 367 2268 taliter
387 2210 630 2285 contrectatum,
657 2213 702 2287 ut,
723 2227 949 2291 quemcunque
970 2206 1145 2290 Lutegeros
1165 2213 1220 2269 eut
1242 2204 1417 2271 Mechtiidis
1438 2208 1568 2291 predicti

263 2302 379 2366 dictem
411 2306 593 2387 pensionem
625 2306 659 2367 in
692 2307 758 2389 ipso
783 2307 918 2369 termino
945 2302 1129 2369 Michahelis
1157 2304 1338 2390 supradicto
1366 2325 1428 2368 non
1459 2304 1570 2369 dorent

263 2406 319 2463 aut
334 2399 544 2483 exsolverent,
567 2403 651 2485 quod
665 2422 705 2467 ex
721 2408 798 2467 tunc
817 2405 955 2487 prefatus
967 2402 1129 2466 Berwicus
1142 2408 1198 2464 ant
1219 2404 1269 2464 sui
1289 2402 1418 2466 heredes
1439 2406 1569 2486 pmtsoti

263 2517 297 2561 se
318 2498 356 2561 de
377 2498 460 2563 dicto
482 2500 584 2564 medio
607 2520 716 2564 manso
738 2499 898 2565 debebunt
918 2502 1125 2564 intromittere
1141 2504 1172 2562 et
1189 2518 1260 2561 oum
1278 2499 1388 2563 eodem
1404 2500 1570 2584 disponere

264 2610 321 2659 seu
342 2614 447 2679 ogere,
476 2599 627 2681 quioquid
651 2599 712 2663 eibi
734 2599 849 2662 melius
869 2605 901 2662 et
922 2599 1032 2662 utilius
1053 2596 1213 2660 videbitur
1233 2598 1396 2681 expedire,
1420 2600 1520 2662 eciem
1541 2602 1568 2663 si

171 2702 176 2707 '
264 2694 350 2757 hunc
378 2694 512 2759 vendere
540 2697 589 2759 vel
617 2696 718 2760 locere
744 2698 813 2761 eliis
840 2696 1013 2769 voluerint,
1040 2693 1157 2778 qnibns
1182 2694 1297 2758 volent.
1350 2694 1457 2759 Huius
1474 2701 1570 2761 testes

264 2797 354 2855 sunt:
387 2793 499 2856 famosi
528 2794 589 2857 viri
614 2800 645 2858 et
670 2794 765 2857 velidi
787 2793 959 2857 Heinricus
987 2794 1025 2857 de
1047 2792 1322 2876 Weringeshnsin,
1343 2792 1509 2858 Bertoldus
1530 2794 1569 2859 de

263 2888 403 2969 Gemnsr,
424 2888 679 2973 Heynemennus
700 2892 739 2955 de
760 2889 976 2972 Notteloybin,
996 2889 1174 2955 Friderions
1201 2892 1297 2954 freter
1320 2910 1399 2954 suus
1421 2897 1452 2955 et
1472 2891 1570 2956 Hein-

263 2988 349 3050 ricus
380 2988 419 3051 de
447 2986 653 3053 Daohebeohe
681 2988 853 3053 residentes
883 2988 916 3050 in
946 2986 1172 3069 Rynkeleibin‚
1202 3006 1324 3052 necnon
1359 2989 1479 3053 honesti
1509 2990 1569 3052 viri

264 3084 432 3149 cunradus
458 3086 496 3149 de
519 3087 620 3150 Gotho
651 3087 792 3150 residens
820 3088 854 3147 in
883 3085 1083 3166 Buseleibin,
1114 3086 1297 3149 Guntherns
1318 3085 1422 3150 dietus
1443 3106 1569 3151 somme

264 3182 382 3262 Steyne
411 3189 441 3246 et
462 3183 608 3264 Syfridus
638 3183 740 3247 dictus
763 3184 801 3247 de
828 3182 1048 3266 Sohepiindori
1071 3185 1156 3247 cives
1178 3183 1383 3247 Erfordenses
1409 3192 1441 3247 et
1464 3186 1570 3267 plnres

264 3279 317 3342 alii
343 3280 405 3343 fide
427 3280 513 3363 digni
537 3281 574 3343 od
600 3282 657 3344 hoo
678 3283 779 3345 vocati
801 3302 856 3364 pro
877 3281 1012 3346 testibus
1033 3288 1064 3345 et
1084 3283 1193 3364 rogati.
1244 3281 1279 3343 Io
1303 3284 1397 3345 onius
1418 3285 1463 3345 roi
1484 3284 1570 3346 testi-

265 3377 408 3440 monium
438 3396 495 3460 ego
524 3376 679 3441 Rudoifus
706 3380 744 3443 de
773 3378 1003 3442 Horvirsleibin
1037 3380 1197 3462 predictus
1224 3379 1262 3441 ed
1292 3398 1398 3461 preces
1428 3379 1568 3457 Borwici,

264 3472 410 3557 Lutegeri
433 3481 463 3539 et
484 3474 661 3539 Mechtildis
683 3476 894 3560 predictorum
917 3476 988 3539 dedi
1009 3478 1089 3539 hono
1110 3477 1245 3540 litteram
1267 3496 1337 3538 meo
1355 3477 1467 3560 sigillo,
1486 3476 1569 3561 qood

265 3572 339 3635 huie
360 3572 459 3637 littere
480 3579 527 3637 est
548 3593 731 3657 appensum,
752 3573 886 3637 fideliter
905 3575 1143 3637 commonitam.
1195 3571 1313 3636 Datum
1335 3594 1419 3636 anno
1441 3571 1568 3638 Domini

265 3668 544 3752 M⁰OOO⁰XXII⁰‚
564 3671 663 3755 pridie
684 3670 753 3735 Kol.
774 3670 795 3734 J
798 3672 862 3735 ulii.

267 3872 376 3954 1322.
402 3874 497 3954 ,Iuli
526 3874 565 3955 ti.
1508 3877 1568 3957 16.

368 4008 547 4073 Gottschollo
572 4010 641 4073 uod
662 4009 770 4090 Rupe,
805 4008 981 4083 Gobriidcr,
1011 4009 1113 4072 Sdiirw
1137 4008 1191 4071 des
1216 4007 1310 4088 Hopo
1332 4007 1474 4086 Inopus,
1503 4010 1571 4073 rritd

366 4106 548 4183 Bertradis,
585 4107 651 4171 ihre
669 4107 805 4183 Mirttcr,
847 4108 1019 4188 sermome
1050 4107 1119 4169 dero
1151 4105 1368 4169 l'cterslcloster
1400 4105 1434 4167 in
1454 4106 1571 4187 Erfrrrt

367 4203 487 4285 Hofen,
510 4203 601 4284 Hdsc,
623 4204 740 4268 mesen
760 4206 828 4267 und
850 4205 938 4267 ihren
951 4204 1059 4267 Aroed
1078 4225 1123 4267 oc
1142 4204 1212 4267 dein
1225 4204 1367 4267 Gcriclite
1386 4204 1549 4269 zrcAImdi.

418 4320 591 4390 Dipiomatar
598 4321 644 4375 dos
656 4322 852 4376 Petersklosters
861 4324 919 4388 oris
922 4322 969 4375 der
979 4322 1040 4390 Kpl.
1051 4322 1201 4376 Bibliotloek
1209 4325 1240 4374 in
1248 4321 1351 4381 Berlin.

348 4424 413 4489 Nos
445 4426 653 4489 Gotsohelkus
684 4432 715 4491 et
749 4426 848 4509 Hngo
885 4428 996 4489 fratros
1027 4430 1092 4490 nati
1121 4428 1282 4510 quondam
1312 4426 1461 4507 Hugonis
1494 4428 1570 4491 dicti

267 4522 366 4607 Longi
387 4523 469 4588 bone
490 4526 641 4588 memorio
660 4525 739 4587 civis
757 4523 966 4604 Erfordensis,
989 4545 1052 4589 ona
1072 4546 1146 4588 cum
1168 4532 1267 4589 matre
1289 4531 1395 4589 nostre
1411 4525 1570 4590 Bertredis
