3525 5209
505 361 734 417 llrlrnndenbnch
753 362 797 417 der
820 362 903 417 Stadt
921 362 1026 417 Eriurt
1062 362 1101 420 11.
1116 362 1203 417 'lbeil
1493 364 1510 419 8

195 520 312 577 cautor
337 518 367 577 et
388 514 562 597 capitulum
591 514 721 579 eraclesis
749 534 773 578 s.
795 514 905 579 Severi
930 514 1072 579 eiusdem
1100 514 1186 598 opidi
1211 532 1252 578 ex
1275 530 1341 577 ona
1372 522 1404 578 et
1428 513 1508 579 Her·

196 631 342 675 mannus
362 612 402 673 de
418 610 565 693 Mulborg
584 632 622 675 ac
641 610 862 695 Hildegnndis,
883 630 967 675 uxor
986 613 1057 676 eius
1077 612 1223 693 legitima
1244 631 1285 675 ex
1305 618 1393 695 parta
1413 612 1511 677 altera

197 710 367 773 constituti
389 728 494 773 coram
516 710 617 789 nobis,
637 710 732 773 iidem
744 714 854 772 cantor
865 714 897 772 et
916 708 1089 793 capitulum
1104 710 1215 772 maiori
1229 709 1365 773 utilitate
1380 710 1510 774 oeclesie

202 827 266 871 sue
291 812 453 891 perspecta
477 826 581 871 aream
609 808 647 871 ad
678 808 764 891 ipsos
790 813 822 870 et
847 808 989 889 ipsorum
1016 806 1181 870 ecclesiam
1201 812 1395 902 spectantem
1417 808 1509 873 sitam

197 923 300 989 μορε
329 904 493 969 collarium
527 904 647 968 domini
676 905 900 989 archiepiscopi
930 904 1111 987 Moguntini
1143 904 1224 967 inira
1251 910 1391 968 meatum
1422 911 1510 988 porte

198 1002 320 1066 ibidem
341 1010 373 1067 et
392 1004 527 1086 parietes
548 1002 686 1086 lapideos
707 1003 781 1067 hinc
805 1002 936 1080 atinde,
957 1002 1141 1067 locaverunt
1160 1002 1346 1067 Hermanno
1361 1001 1510 1067 etHilde·

198 1101 305 1184 gundi
326 1102 500 1179 antedictis,
522 1103 565 1164 ita
587 1100 671 1183 quod
692 1100 786 1163 iidem
809 1102 961 1183 coniuges
980 1099 1095 1164 dictam
1118 1118 1222 1163 aream
1237 1098 1382 1164 edificare
1395 1099 1511 1164 debent

197 1199 336 1282 propriis
362 1197 559 1282 sumptibus,
587 1197 748 1262 laboribus
777 1204 809 1261 et
839 1198 1001 1282 expensis,
1025 1204 1119 1282 prout
1144 1199 1189 1261 eis
1217 1196 1332 1261 melius
1352 1197 1511 1262 videbitur

199 1297 367 1381 expedire3
397 1314 459 1379 que
490 1296 613 1359 edificia
640 1315 749 1359 muros
775 1313 831 1359 seu
858 1297 992 1379 parietes
1018 1295 1156 1377 lapideos
1176 1314 1240 1360 non
1259 1296 1420 1361 excedent
1460 1295 1510 1361 De

202 1415 269 1478 qua
295 1396 427 1477 inquam
457 1412 530 1457 area
559 1393 651 1455 iidem
679 1393 830 1476 coniuges
851 1392 987 1476 singulis
1008 1394 1100 1457 annis
1121 1393 1243 1458 solvent
1264 1394 1371 1457 decem
1394 1394 1510 1458 solidos

201 1493 405 1555 denariorum
428 1490 668 1555 Erlordensium
696 1482 844 1574 legalium
871 1496 903 1553 et
923 1489 1080 1554 bonorum
1101 1496 1132 1555 et
1154 1491 1234 1555 duos
1255 1490 1358 1575 pullos
1378 1492 1510 1556 infesto

200 1588 400 1673 walpurgis,
431 1608 525 1673 quem
558 1608 689 1652 censum
721 1590 794 1651 dare
825 1594 856 1651 et
888 1589 1009 1652 solvere
1039 1589 1192 1671 incipient
1220 1590 1253 1652 in
1285 1589 1395 1653 eodem
1430 1590 1509 1654 festo

201 1689 348 1773 proxime
368 1686 505 1751 affuturo
526 1686 663 1770 capitulo
684 1686 856 1763 antedicto,
878 1690 910 1749 et
921 1688 966 1749 sic
980 1686 1054 1749 dicti
1065 1688 1217 1771 coniuges
1231 1686 1282 1750 vel
1296 1687 1374 1751 alter
1391 1707 1510 1764 eornm,

200 1786 259 1870 qui
290 1784 518 1869 supervixerit,
548 1783 662 1847 dictam
695 1804 799 1847 aream
825 1782 1033 1867 possidebunt
1059 1784 1253 1867 temporibus
1279 1804 1336 1848 sue
1364 1786 1441 1862 vite,
1466 1787 1511 1849 ita

202 1892 328 1963 nmen,
355 1882 437 1967 quod
461 1882 539 1945 alter
560 1900 684 1958 eorum,
706 1882 760 1965 qui
783 1882 1003 1965 supervixerit,
1021 1881 1136 1944 dictam
1158 1900 1262 1945 aream
1283 1881 1328 1945 sic
1349 1902 1404 1966 per
1424 1884 1510 1966 ipsos

203 1980 395 2059 edificatam,
423 1979 527 2064 quoad
557 1980 685 2055 vixerit,
714 1999 750 2041 ac
779 1980 805 2041 si
831 1976 925 2042 ambo
952 1979 1095 2043 viverent
1120 1978 1298 2062 possidebit.
1354 1978 1410 2044 Eis
1436 2001 1510 2045 vero

202 2076 360 2142 ambobus
386 2077 425 2141 ab
454 2079 513 2141 bac
539 2077 610 2142 luce
634 2076 798 2140 subductis
820 2076 858 2139 ad
880 2076 999 2140 dictum
1023 2076 1196 2160 capitulum
1218 2096 1275 2141 sen
1297 2078 1438 2161 ipsorum
1461 2098 1510 2142 ec-

202 2176 332 2239 clesiam
366 2194 438 2239 area
468 2194 542 2239 cum
573 2174 705 2239 edificiis
733 2174 916 2237 huiusmodi
946 2172 1044 2237 libere
1075 2178 1262 2255 revertetur,
1292 2194 1355 2257 que
1387 2176 1511 2240 edificia

202 2280 309 2337 tamen
331 2280 558 2337 convertentur
577 2274 706 2335 nomine
726 2274 904 2336 testamenti
925 2273 959 2335 in
981 2272 1116 2335 salutem
1137 2272 1316 2335 animarum
1337 2275 1509 2355 coniugum

203 2372 424 2455 predictorum.
461 2368 520 2434 Est
534 2372 633 2435 eciam
650 2370 815 2452 adjectum,
833 2369 927 2452 quod,
943 2370 1199 2452 qrrandocunque
1216 2369 1381 2433 dominum
1393 2372 1511 2435 archie-

202 2472 367 2553 piscopum
388 2468 624 2552 linguntinum,
644 2468 700 2550 qui
720 2484 779 2551 pro
790 2474 931 2549 temporo
946 2466 1050 2546 fuerit,
1068 2468 1100 2528 in
1117 2466 1210 2550 opido
1226 2466 1409 2532 Erfordensi
1427 2474 1510 2534 stare

201 2568 378 2650 contigerit,
397 2572 516 2630 extunc
535 2565 654 2629 familia
673 2566 773 2650 ipsius
789 2565 821 2627 in
840 2564 974 2627 edificiis
988 2564 1171 2627 huiusmodi
1187 2565 1368 2630 faventibus
1383 2566 1510 2651 prefatis

203 2663 404 2747 coniugibus,
414 2670 508 2747 prout
519 2664 657 2747 hospicio
668 2664 814 2745 conpetit,
825 2662 1038 2745 hospitabuut
1080 2661 1116 2725 In
1129 2664 1223 2726 onius
1233 2664 1278 2726 rei
1293 2665 1509 2729 testimoninm

201 2770 234 2825 et
259 2761 479 2825 certitudinem
513 2760 683 2823 firmiorem
715 2760 752 2822 ad
786 2778 894 2842 preces
924 2758 999 2823 dicti
1029 2759 1158 2842 capituli
1185 2766 1216 2823 et
1240 2760 1412 2843 coniugum
1442 2782 1509 2847 pre·

202 2860 359 2922 dictorum
380 2859 519 2943 sigillum
543 2865 649 2921 nostre
661 2857 860 2920 officialitatis
874 2857 1075 2940 presentibus
1087 2857 1241 2921 duximus
1257 2860 1509 2943 appendendum.

203 2958 322 3019 Actrrm
343 2961 374 3019 et
395 2956 502 3020 datum
524 2974 608 3018 auno
632 2954 762 3017 Domini
786 2952 1030 3033 M⁰OCG⁰XXI⁰,
1050 2952 1144 3017 VIll⁰
1164 2952 1242 3019 Idus
1262 2954 1347 3019 Maii.

202 3140 313 3223 1321.
342 3140 594 3243 September
614 3144 654 3225 8.
1322 3171 1325 3175 ⁴
1469 3144 1508 3225 b.

304 3282 471 3349 Hartman
491 3286 547 3349 der
566 3284 712 3367 Jaapere,
732 3283 910 3348 Marscholl
930 3285 964 3348 ia
984 3282 1198 3363 nontamen,
1221 3282 1323 3364 Jutta,
1344 3288 1429 3351 scine
1449 3287 1510 3354 Ge·

304 3382 433 3460 mllio,
455 3384 524 3446 aad
544 3382 719 3459 Hemone,
742 3382 797 3445 der
816 3382 911 3446 Jaaa
932 3380 1024 3460 Solia,
1042 3382 1274 3463 pewutrteisten
1295 3384 1364 3449 dem
1384 3384 1451 3449 aar
1468 3405 1510 3451 aa

304 3480 423 3563 Ertart
441 3480 501 3544 den
521 3480 662 3563 Veritatis
682 3480 767 3544 ihrer
780 3479 880 3544 Gtiter
899 3501 940 3545 aa
954 3478 1167 3545 maenam
1186 3485 1277 3546 sowie
1296 3484 1372 3547 aoclr
1394 3485 1511 3548 undae

306 3577 406 3642 Gtiter
425 3598 466 3643 aaa
490 3578 673 3655 Roclestedt,
695 3578 887 3659 Algentem,
909 3576 1004 3642 Naida
1025 3578 1096 3641 aad
1115 3576 1347 3645 Kroaicltbom.

355 3704 833 3775 erasasamxpzsaazux.

284 3828 350 3895 Nos
370 3828 577 3896 Hermanntrs
604 3833 710 3897 iunior
735 3832 927 3895 marscalcus
953 3832 986 3895 in
1006 3828 1206 3897 Holtzhnsen
1231 3838 1264 3897 et
1288 3833 1402 3915 Jntba,
1431 3854 1512 3899 uxor

203 3929 305 4011 ipsius
322 3929 469 4013 legitima
485 3930 593 3993 relicta
610 3930 769 4014 quondam
785 3928 963 3992 Hermanui
981 3928 1020 3992 de
1032 3928 1249 4011 Stutimheim,
1263 3930 1512 3997 etHermannus

200 4026 290 4090 filius
326 4026 423 4091 Juthe
452 4030 515 4091 iam
555 4028 651 4109 dicte,
691 4029 857 4111 privignus
886 4027 1063 4091 Hermanni
1095 4030 1219 4111 prefati,
1255 4034 1511 4114 recognoscimus

203 4123 329 4208 publice
353 4145 409 4209 per
431 4132 606 4209 presentes
635 4127 718 4209 quod
748 4127 855 4189 omnia
880 4132 911 4190 et
935 4126 1063 4209 singula
1091 4133 1181 4210 pacta
1200 4134 1232 4191 et
1253 4129 1423 4211 promissa,
1450 4150 1512 4213 qne

204 4222 344 4287 honestis
364 4225 471 4288 viris..
495 4225 652 4308 magistris
673 4225 842 4287 consulum
864 4231 896 4287 et
915 4222 1102 4289 consulibus
1122 4230 1154 4287 et
1174 4226 1372 4289 universitati
1392 4229 1512 4291 civium

203 4320 443 4385 Erlordensium
465 4341 561 4405 super
581 4327 752 4402 contractu,
772 4322 967 4396 vendicioue
987 4321 1147 4385 wamndia
1169 4329 1200 4386 et
1219 4324 1334 4387 feoudo
1357 4323 1512 4389 bonorum

203 4420 235 4481 iu
248 4417 478 4482 Stutbirnbeim
491 4419 568 4502 ipsis
585 4419 723 4502 legitime
738 4419 936 4482 venditorum
957 4438 1013 4502 per
1023 4438 1082 4481 nos
1093 4417 1114 4481 J
1116 4421 1225 4483 utham
1240 4426 1271 4483 et
1281 4419 1514 4502 Hermannum,

203 4518 306 4601 ipsius
327 4515 443 4597 lilium,
464 4518 618 4601 predictos
639 4518 772 4581 fecimus
794 4524 824 4580 et
845 4519 1049 4601 promisimus
1069 4520 1281 4583 conrnruniter
1302 4520 1350 4583 vel
1373 4522 1513 4603 divisim,

1275 4630 1311 4687 1*
