3525 5209
481 403 713 460 Urlrundenbuch
731 403 780 458 der
797 402 882 458 Stadt
900 400 1004 460 Eriirrt.
1042 399 1082 456 ΙΙ.
1097 399 1183 455 Theil.
1441 391 1490 454 127

176 560 325 642 ipsorum
348 555 578 640 presidentium
598 558 670 637 post
689 559 791 618 certos
811 554 889 616 ahos
909 571 1077 636 processus
1097 571 1153 634 per
1173 572 1226 616 eus
1240 557 1349 616 contra
1363 553 1490 618 eosdem

180 655 380 739 presidentes
405 660 530 738 propter
551 653 609 715 hec
636 651 759 716 habitos
780 652 909 719 demum
931 649 1106 735 predictum
1127 651 1256 734 opidum
1278 651 1491 718 Heriordense

181 753 389 817 subiecerunt
418 751 627 814 ecclesiastico
660 750 825 814 interdicto
850 755 882 813 et
912 749 1095 812 huiusmodi
1125 767 1291 830 processus
1313 752 1432 815 'eorum
1460 756 1492 816 et

179 851 386 914 interdictum
415 852 449 912 in
486 849 592 931 ipsum
628 849 758 931 opidum
786 847 977 912 Erfordense
1007 847 1108 910 latum
1136 847 1280 911 iecerunt
1307 867 1363 931 per
1390 855 1490 914 certas

175 969 332 1034 personas
357 948 499 1029 ydoneus
524 949 558 1010 in
588 946 722 1017 diversis
746 946 825 1010 locis
849 952 881 1009 et
906 944 1090 1008 solennibus
1112 946 1333 1028 circumposite
1353 950 1491 1029 regionis

177 1047 354 1112 solenniter
374 1044 543 1129 publicari,
563 1063 741 1127 rursusque
761 1052 832 1127 post
850 1043 1097 1127 publicationem
1118 1045 1263 1108 omnium
1284 1065 1489 1128 processuum

179 1146 330 1228 superius
355 1161 577 1227 expressorum
600 1141 782 1206 Walramus
807 1141 919 1220 abbas,
946 1141 1151 1204 Hermannus
1172 1143 1257 1223 prior
1277 1149 1309 1207 et
1331 1143 1490 1210 Henricus

176 1243 219 1306 de
244 1242 347 1306 Hellis
378 1247 503 1320 cantor,
527 1242 675 1304 monachi
709 1242 891 1304 monasterii
925 1239 1041 1302 Montis
1070 1238 1101 1302 S.
1126 1237 1220 1314 Petri,
1248 1247 1279 1304 et
1306 1240 1490 1307 Guntherus

175 1341 358 1424 prepositus
379 1339 411 1403 S.
432 1340 607 1421 Augustini
628 1357 684 1421 per
703 1339 898 1422 prepositum
918 1338 1001 1402 soliti
1023 1337 1195 1420 gubernari
1217 1342 1490 1420 monasteriorum,

177 1439 211 1502 S.
217 1438 381 1502 Benedicti
387 1444 418 1502 et
428 1437 569 1501 eiusdem
583 1436 614 1500 S.
622 1438 795 1520 Augustini
804 1436 961 1514 ordinum,
981 1434 1172 1498 Mechiridus
1185 1435 1325 1501 decanus
1335 1437 1366 1502 S.
1372 1437 1490 1519 Severi,

175 1535 388 1600 Hermannus
424 1535 463 1598 de
490 1533 605 1598 Bibere
638 1553 753 1618 gerens
783 1553 817 1598 se
845 1554 902 1618 pro
930 1533 1047 1596 decano
1071 1532 1101 1596 S.
1130 1531 1240 1614 Maris,
1269 1534 1425 1602 Ernestus
1451 1538 1490 1602 de

177 1632 348 1696 hlolhusen
369 1631 401 1696 S.
412 1631 511 1695 llario
529 1631 731 1696 etHenricus
749 1631 780 1696 S.
792 1631 900 1696 Severi
915 1631 1074 1707 custodes,
1096 1631 1248 1696 Albertus
1266 1633 1305 1696 de
1323 1634 1489 1720 Visbergh,

174 1750 293 1813 gerens
321 1750 355 1794 sc
383 1750 439 1814 pro
465 1729 630 1793 scolastico
649 1729 680 1794 S.
700 1729 827 1808 Severi,
852 1728 1009 1792 lohannes
1029 1729 1067 1793 de
1087 1731 1204 1812 Aquis,
1224 1730 1430 1798 Hermaunus
1452 1735 1490 1798 de

175 1828 278 1906 Alch,
314 1827 496 1892 Ludoricus
535 1828 575 1892 de
607 1827 798 1906 Mekebach,
833 1827 968 1891 Sifridus
1004 1826 1043 1890 de
1076 1825 1193 1908 Hellis,
1230 1828 1413 1896 Herrnanus
1450 1833 1489 1898 de

178 1926 385 1990 Guteshusen
409 1927 565 2004 canonici,
587 1931 619 1990 et
634 1925 795 1989 Henn'cus
810 1925 849 1990 de
869 1924 1069 2006 Sybeleiben,
1088 1944 1202 2008 gerens
1218 1946 1251 1990 se
1267 1948 1323 2011 pro
1338 1932 1489 1994 canonico

176 2024 212 2088 S.
231 2023 348 2096 Mario,
379 2023 579 2088 Borchardus
613 2024 652 2087 de
679 2023 861 2101 Molhussn,
890 2023 1046 2086 Iohannes
1076 2021 1114 2086 dc
1143 2023 1236 2104 Iene,
1262 2025 1420 2091 Iohannes
1451 2029 1489 2094 de

175 2122 321 2202 Treveri,
339 2122 498 2186 Iohannes
517 2122 557 2186 de
577 2121 710 2202 Munre,
730 2121 939 2186 Theodericus
961 2121 999 2184 de
1020 2119 1123 2184 (lotha
1143 2123 1260 2196 senior,
1280 2123 1489 2191 Theodericus

177 2223 220 2286 de
241 2221 342 2285 Gotha
361 2221 469 2284 iunior
488 2225 519 2283 et
538 2219 748 2284 Theodericus
770 2220 873 2283 dictus
898 2217 1074 2282 Marschalk
1096 2219 1127 2283 S.
1144 2219 1251 2282 Severi
1276 2223 1488 2305 predictorum
1532 2259 1533 2264 κ

177 2319 336 2398 canonici,
351 2318 509 2382 Iohannes
520 2317 662 2400 silgidii
673 2324 705 2380 et
715 2317 931 2398 Meynbcrdus
942 2309 972 2381 S.
982 2315 1143 2381 Michaelis
1155 2317 1289 2400 plebani,
1306 2319 1489 2386 Guutherus

176 2418 343 2482 Benedicti
365 2416 593 2480 etGuntherus
612 2437 636 2478 s.
658 2415 726 2478 Viti
746 2417 950 2480 ecclesiarum
973 2415 1211 2478 Ilrfordensium
1243 2417 1323 2480 dicte
1355 2415 1489 2502 Magan-

176 2519 246 2582 tiuo
280 2516 414 2579 diocesis
448 2515 591 2600 perpetui
630 2514 755 2594 vicarii,
793 2513 950 2577 Iohannes
982 2513 1020 2577 de
1046 2513 1233 2597 lecheburg,
1263 2513 1423 2580 Henricus
1449 2517 1488 2582 de

177 2613 432 2697 Kirspeleyben⁸,
463 2612 648 2677 Guntherus
673 2610 822 2688 Gutwirt,
848 2610 1010 2676 Heuricus
1034 2612 1073 2676 de
1103 2611 1237 2692 Waure‚
1266 2611 1430 2679 Conradus
1458 2623 1489 2680 et

177 2712 341 2776 Henricus
361 2711 435 2774 dicti
456 2710 494 2774 de
517 2709 678 2790 Tauheym
698 2708 821 2788 batres,
836 2707 1001 2772 Gouradus
1013 2711 1115 2774 dictus
1125 2709 1250 2790 Kolfen,
1273 2709 1487 2778 Theodericus

179 2811 305 2891 Sahser,
332 2808 496 2872 Conradus
519 2808 558 2871 de
578 2805 766 2887 Molhusen,
785 2805 994 2872 Hermannus
1017 2809 1055 2872 de
1079 2807 1257 2873 Taberstete
1288 2810 1321 2872 in
1342 2810 1371 2873 S.
1382 2809 1488 2891 Mario,

181 2907 344 2972 Henricus
360 2907 399 2969 de
414 2903 632 2982 Weberstede,
654 2903 835 2970 Fridericus
850 2906 888 2968 de
910 2907 1062 2982 Udsstete,
1088 2905 1239 2972 Alhertus
1261 2909 1488 3002 Gemechelich,

181 3007 345 3070 Iohannes
374 3005 478 3068 dictus
503 3002 589 3078 Zise,
616 3000 822 3068 Gottoboldus
853 3011 884 3068 et
907 3002 1107 3086 Heydericus
1134 3007 1209 3070 dicti
1230 3007 1269 3072 de
1288 3007 1487 3076 Summerde⁰

186 3103 373 3167 Guntherus
388 3099 587 3182 dehlelbach,
597 3100 763 3165 Reimboto
774 3102 812 3166 de
823 3102 1057 3185 ingersleyben,
1072 3104 1248 3169 Menfridus
1259 3107 1297 3170 de
1307 3106 1488 3174 Euschene-

182 3221 272 3285 wege
284 3207 315 3265 et
328 3200 488 3264 Henricus
507 3199 611 3263 dictus
628 3200 738 3263 decani
752 3201 933 3283 capellanus
948 3202 981 3264 in
994 3201 1024 3264 S.
1035 3201 1141 3266 Severi
1155 3204 1271 3276 vicarii,
1287 3209 1319 3269 et
1330 3205 1488 3272 lohannes

179 3299 366 3364 Kamburch
376 3300 410 3361 in
427 3297 537 3363 eadem
555 3317 580 3360 s.
594 3295 692 3360 Maria
708 3297 839 3362 ecclesia
854 3299 1009 3380 minister,
1022 3299 1139 3364 eisdem
1160 3303 1361 3385 processibus
1378 3325 1487 3389 parere

178 3398 408 3462 contumaciter
426 3414 494 3460 uon
522 3392 688 3472 curabant,
717 3403 811 3478 prout
830 3414 891 3459 nec
910 3402 1036 3476 curant,
1059 3397 1237 3480 quinimmo
1258 3401 1303 3464 eis
1324 3419 1358 3465 ss
1379 3403 1488 3467 redde

177 3497 273 3574 bant,
291 3500 386 3581 prout
405 3493 555 3572 reddunt,
575 3493 741 3558 manifeste
759 3493 891 3557 rebelles
911 3501 943 3558 et
964 3494 1100 3558 eundem
1121 3494 1298 3561 Henrioum
1320 3501 1487 3584 archiepis·

178 3612 295 3675 copum
319 3590 545 3674 impediebant,
572 3591 656 3654 sicut
681 3591 785 3654 adhuc
809 3591 1001 3674 impediunt,
1027 3594 1060 3656 in
1087 3595 1155 3657 suis
1173 3595 1298 3660 iuribus
1317 3599 1487 3682 ipsumque

177 3689 425 3774 impedientibus
446 3687 573 3771 publice
592 3688 788 3771 prestabant,
808 3695 902 3771 prout
923 3689 1068 3772 prebent,
1091 3691 1248 3757 auxilium
1266 3697 1435 3760 consilium
1457 3702 1489 3762 et

176 3787 327 3852 favorem.
379 3786 420 3850 Et
450 3805 526 3849 cum
552 3787 591 3850 de
611 3785 794 3850 huiusmodi
814 3805 923 3850 eorum
946 3789 1129 3856 excessibus
1154 3792 1297 3874 prelibati
1319 3796 1487 3879 archiepis·

177 3905 278 3969 copus
299 3882 500 3948 coloniensis
526 3889 559 3946 et
576 3885 753 3967 prepositus
774 3883 957 3948 Zeilicensis
977 3903 1082 3950 essent
1111 3890 1249 3973 plenarie
1275 3892 1434 3958 informati
1456 3902 1487 3960 et

178 3983 219 4046 de
238 3983 301 4046 hiis
321 3987 429 4065 utpote
448 3984 484 4045 in
505 3981 648 4064 partibus
668 3981 732 4064 illis
752 3984 883 4046 notoriis
904 3983 995 4066 plene
1016 3992 1173 4052 constaret
1193 3989 1326 4069 eisdem,
1356 3992 1487 4073 predicti

176 4081 432 4164 archiepiscopus
453 4078 649 4144 Coloniensis
674 4086 706 4143 et
725 4083 903 4163 prepositus
924 4081 1105 4148 Zetlicensis
1130 4088 1365 4167 prenominatos
1391 4089 1486 4153 abba·

178 4186 255 4257 tem,
274 4179 421 4258 priorem,
438 4183 608 4256 cantorem,
628 4179 835 4261 prepositum,
856 4177 1061 4245 Methfridum
1078 4182 1242 4262 decanum,
1263 4183 1484 4252 Hermaunum

177 4277 219 4342 de
239 4276 367 4352 Bibera,
393 4275 556 4352 custodes,
587 4275 799 4356 scolasticum,
825 4280 1011 4358 canonicos,
1041 4279 1192 4363 plebanos
1219 4287 1250 4345 et
1274 4284 1408 4348 vicarios
1428 4285 1486 4348 Er-

177 4375 343 4440 lordenses
382 4374 573 4438 nuntiarunt
612 4375 951 4468 excommunicationis
992 4379 1182 4442 sententiam
1218 4381 1407 4463 iucurrisse,
1446 4383 1484 4446 ab

178 4473 289 4536 eodem
320 4472 540 4555 predecessore
566 4473 600 4535 iu
629 4472 818 4554 supradictis
838 4475 950 4540 litteris
968 4479 1036 4542 suis
1060 4477 1155 4540 latam
1177 4479 1211 4540 in
1232 4479 1307 4542 talia
1326 4480 1484 4546 facientes.

177 4570 221 4635 Et
248 4571 325 4654 quia
349 4571 444 4634 otiam
475 4570 603 4653 prefati,
634 4572 681 4634 sic
699 4575 983 4656 excommunicati,
1001 4577 1036 4639 in
1057 4576 1167 4640 eodem
1187 4575 1372 4655 Ertordsnsi
1392 4579 1484 4662 opido
