3525 5209
409 1038 663 1170 Nachtrag
697 1073 816 1140 num
850 1034 889 1144 1.
910 1041 1017 1142 und
1050 1033 1099 1147 2.
1117 1041 1278 1143 Band.

190 1248 310 1330 Nauh
337 1247 443 1329 1217.
1460 1251 1495 1331 1.

290 1382 354 1448 Dic
377 1383 504 1466 Grnfcn
523 1384 624 1447 Ernst
648 1383 717 1448 aad
738 1382 893 1448 Heinrich
918 1383 954 1446 in
977 1383 1138 1464 elnam,
1160 1385 1263 1450 Solane
1293 1386 1347 1448 des
1369 1383 1495 1466 Grnfen

290 1483 451 1559 Lnnmert,
483 1502 636 1546 arnonem
663 1482 733 1546 dem
758 1481 1056 1562 Murtinshospitate
1081 1503 1126 1546 nn
1153 1484 1209 1548 der
1236 1485 1352 1548 bretton
1373 1483 1497 1548 Strnsse

289 1582 326 1644 in
344 1582 466 1662 Ertnrt
493 1581 544 1643 die
570 1600 627 1646 non
657 1581 756 1644 ihren
784 1579 878 1644 Vater
899 1581 1338 1663 emmerammianos
1356 1582 1496 1646 Freiiteit

289 1680 391 1744 sana
409 1681 509 1743 unta
522 1678 651 1742 vondcn
669 1677 897 1758 Voptcirociiten
915 1679 985 1741 aad
996 1680 1167 1745 neraicitcn
1178 1680 1337 1744 threrseits
1347 1681 1496 1760 ebcnfalts

291 1776 504 1857 darnnfnncii
522 1776 591 1840 dea
605 1776 742 1841 mititem
752 1775 1051 1859 ErebinthofSisrid
1064 1779 1293 1858 peschtossenen
1313 1779 1452 1860 Vatrny.

343 1914 433 1970 Om'n
452 1913 633 1968 Rieatbecite
671 1911 736 1969 istd.

271 2037 409 2102 Comites
425 2039 460 2101 in
473 2037 605 2100 Glichen
616 2035 771 2100 Ernestus
782 2033 1005 2100 etHeinricus.
1036 2034 1351 2101 Notioietutnrorum
1362 2038 1494 2120 dignum

191 2135 345 2199 duximus
366 2136 523 2214 intimare,
542 2133 677 2217 qualiter
696 2133 779 2197 bone
795 2135 946 2197 memorie
960 2139 1282 2217 paternosteroomes
1298 2135 1495 2216 lambortus,

191 2235 292 2316 gratia
313 2233 506 2316 provehendi
527 2231 680 2315 hospitale
701 2230 785 2296 beati
802 2231 932 2296 Martini
952 2233 986 2294 in
1004 2231 1066 2294 lata
1084 2231 1186 2316 platea
1201 2231 1383 2316 Erphordie,
1404 2233 1495 2315 bona,

192 2350 384 2414 quecunque
412 2331 514 2394 eidem
541 2329 655 2393 amodo
677 2329 888 2408 conferentur,
909 2329 948 2392 ab
971 2330 1058 2393 omni
1077 2331 1147 2393 iure
1169 2329 1355 2394 advocatitio
1378 2321 1496 2396 exemit

190 2439 221 2494 et
249 2428 386 2492 libertati
407 2429 552 2508 donavit,
579 2429 649 2491 iure
677 2447 736 2490 suo
761 2427 821 2490 sibi
842 2428 929 2490 salvo
951 2429 986 2491 in
1007 2428 1069 2505 his,
1090 2428 1209 2511 quibus
1229 2435 1302 2493 ante
1323 2430 1495 2494 advocatus

190 2527 302 2590 exunt.
345 2527 438 2589 Unde
453 2546 521 2605 nos,
535 2526 624 2608 pium
635 2524 782 2589 desiderii
793 2526 844 2588 sui
855 2525 1000 2589 effectum
1012 2525 1124 2589 devoto
1136 2525 1248 2590 aflectu
1260 2532 1495 2610 prosequentes,

191 2626 356 2688 communi
376 2643 535 2688 consensu
557 2621 689 2686 eandem
712 2623 914 2687 donationem
936 2624 1000 2686 iam
1018 2626 1100 2687 dicto
1111 2623 1179 2687 loeo
1191 2623 1362 2688 liberaliter
1371 2630 1495 2688 contra-

191 2723 311 2800 dimus,
332 2724 384 2785 ius
405 2728 548 2784 nostrum
570 2726 787 2804 protestantes,
808 2725 852 2802 ut,
873 2723 927 2785 cui
949 2725 1095 2785 nostrum
1117 2721 1279 2785 advocatia
1301 2722 1397 2787 huius
1418 2724 1495 2786 civi-

190 2823 251 2884 atis
281 2821 423 2900 cesserit,
450 2818 626 2882 secundum
663 2820 797 2882 formam
829 2820 987 2903 privilegii
1019 2818 1208 2883 venerabilis
1237 2819 1358 2883 domini
1394 2823 1494 2885 nostri

192 2918 418 3002 archiepiscopi
447 2915 628 3000 Maguntini
655 2916 763 2981 sifridi
787 2937 875 2982 unus
900 2918 1087 3001 eligentium
1115 2923 1269 2982 rectorem
1296 2919 1337 2981 in'
1351 2918 1419 2981 loeo
1439 2919 1494 2983 illo

191 3019 258 3081 erit.
301 3015 344 3080 Ut
373 3021 480 3079 antem
511 3017 569 3078 hec
598 3020 663 3078 tam
694 3015 779 3099 apud
811 3037 884 3098 nos,
914 3037 1011 3098 quam
1044 3015 1129 3099 apud
1158 3035 1268 3080 omnes
1296 3036 1494 3082 successores

189 3120 314 3178 nostros
330 3116 363 3176 iu
384 3119 547 3197 posterum
567 3118 720 3197 perpetua
740 3113 897 3178 soliditate
917 3115 1069 3178 inviolata
1085 3114 1269 3195 subsistant,
1284 3115 1379 3198 sigilli
1391 3121 1492 3181 nostri

190 3215 384 3296 appensione
413 3211 608 3275 roboramus.
659 3210 759 3276 Cuius
788 3212 863 3276 facti
893 3218 989 3277 testes
1020 3216 1096 3276 sunt
1125 3211 1324 3292 Guntherus,
1354 3214 1493 3281 decanus

190 3312 320 3373 maioris
341 3309 472 3373 ecclesie
491 3309 526 3371 in
543 3309 725 3393 Erphordia,
746 3309 936 3374 Ludewicus
949 3311 1140 3390 scolasticus,
1161 3310 1358 3376 Giselbertus
1375 3319 1493 3396 cantor,

192 3408 381 3472 Ludewicus
404 3414 435 3471 et
454 3407 627 3472 Heinricus
647 3409 680 3471 iu
702 3407 893 3488 Meldingen,
914 3407 1061 3474 Siboldus
1083 3409 1187 3473 dictus
1209 3408 1300 3488 Gute,
1315 3405 1494 3478 Fridericus

190 3509 228 3572 de
249 3506 513 3588 Meinwarsburo,
535 3504 704 3570 Cunradus
726 3508 764 3570 de
785 3506 892 3589 Porta,
914 3506 1085 3572 Heinrieus
1113 3507 1267 3592 plebanus
1293 3511 1393 3574 sancti
1415 3510 1492 3575 Bar-

189 3608 329 3685 tolomei,
356 3604 529 3688 Lintegerus
557 3605 596 3669 de
622 3604 796 3687 Bezingen,
817 3603 1026 3668 Harmannus
1056 3604 1095 3670 de
1117 3606 1286 3688 (liningen,
1308 3607 1491 3676 Gotscaleus

190 3704 296 3786 Dives,
318 3705 504 3768 Gotscalcus
524 3702 654 3786 Longus
677 3709 708 3766 et
725 3702 778 3766 alii
800 3722 897 3785 qnam
918 3702 1049 3786 plures¹

273 3838 282 3868 ¹
305 3839 390 3908 Verpl.
400 3837 453 3892 Nr.
464 3841 499 3892 70
516 3837 548 3890 in
564 3836 649 3891 Bend
662 3836 687 3895 I.

190 4049 308 4131 1230.
336 4049 523 4149 (Anfang
550 4047 626 4130 des
652 4048 827 4148 Jahres)
1452 4053 1490 4134 2.

289 4184 398 4267 Konip
419 4186 603 4250 Waldemar
623 4184 663 4249 ll.
687 4203 746 4247 oon
765 4185 944 4248 Dinomark
971 4183 1130 4246 urkundet
1149 4183 1225 4246 iiber
1244 4185 1304 4248 dea
1324 4205 1386 4250 aar
1406 4188 1492 4250 Aus-

289 4285 401 4364 lo'snap
421 4284 524 4348 seiaer
544 4283 646 4348 Sitne
665 4281 934 4361 obpeschlossenen
958 4281 1098 4362 Vcrtrnp,
1119 4282 1219 4344 werin
1239 4287 1333 4346 nater
1352 4285 1492 4348 anderen

289 4385 422 4449 stantes
454 4382 536 4445 ancia
567 4381 677 4446 Erfurt
703 4384 845 4460 emanat
875 4380 971 4458 wird,
1002 4399 1048 4443 wo
1077 4380 1129 4444 die
1158 4379 1292 4462 Biirqen
1321 4383 1491 4463 eeqeoenen

289 4482 398 4548 Faties
416 4481 568 4544 cinreiten
586 4480 656 4544 und
676 4479 831 4562 Einluper
850 4481 956 4546 hatten
975 4481 1080 4546 soliers.

345 4615 463 4671 unna
479 4615 561 4670 &adt
577 4614 685 4670 hibeni:
703 4615 729 4670 Ι.
747 4615 855 4675 nmo.
