3525 5209
266 384 289 435 8Ἰ
628 388 900 459 Gesohichtsluellen
919 389 968 443 der
987 390 1066 445 va.
1079 358 1212 448 Saclrsen:

268 538 345 620 ipsis
367 538 457 599 bonis
479 536 539 599 sibi
560 536 772 621 spectantibus
793 540 974 622 resignandi
997 540 1064 603 vice
1084 548 1116 603 et
1137 543 1265 604 nomine
1285 542 1386 624 ipsius
1404 544 1436 605 in
1458 562 1573 605 manus

269 635 343 697 dieti
364 634 484 698 domini
506 683 531 696 ..
555 635 593 698 de
615 634 772 716 (Mychon,
794 642 887 719 prout
907 641 955 700 est
984 638 1248 716 modestioris,
1270 644 1374 701 retum
1396 646 1427 701 et
1447 645 1575 721 gratum

268 732 403 812 habene,
432 732 585 815 quidquid
615 752 670 815 per
696 732 815 795 dietum
842 734 1046 797 Gotshuteum
1074 741 1179 797 notum
1213 736 1308 798 fuerit
1340 737 1372 798 in
1405 739 1575 819 premissis

269 830 307 893 In
333 832 427 893 ouius
451 831 496 893 rei
523 831 713 894 evidentium
740 836 883 895 nostrum
906 831 1046 911 sigillum
1067 833 1220 896 duximus
1241 833 1440 915 presentibus
1460 852 1577 916 oppen-

268 912 418 991 dendum.
461 926 580 992 Datum
602 934 635 991 et
657 932 764 993 actum
784 948 868 991 enno
890 934 922 993 et
941 930 992 993 die
1013 931 1194 1013 prenotatis.

270 1128 380 1212 1322.
409 1130 497 1211 Mu
525 1131 564 1213 9.
1515 1136 1575 1218 12.

368 1266 464 1349 Hugo
492 1268 531 1331 de
551 1267 772 1348 Rynlreleybin
796 1270 888 1333 miles
906 1268 1042 1345 eumer,
1072 1268 1147 1331 dass
1167 1290 1200 1331 er
1221 1272 1388 1335 honestum
1410 1272 1515 1334 virum
1536 1270 1576 1334 de

373 1362 579 1443 Kobenstete‚
599 1366 701 1429 civem
726 1364 961 1442 odornensem,
980 1366 1091 1437 Thele,
1111 1366 1195 1428 seiros
1216 1364 1318 1442 Fran,
1337 1368 1407 1429 und
1427 1366 1489 1430 olio
1510 1368 1577 1431 ihre

369 1462 474 1527 Erben
504 1462 560 1523 mit
589 1462 664 1525 ewei
690 1460 802 1541 Hufen
837 1464 870 1525 in
901 1484 980 1547 pago
1009 1464 1081 1528 ville
1107 1463 1365 1546 Hastinsleybin,
1395 1465 1447 1528 dic
1473 1465 1575 1527 disier

370 1560 558 1643 Rudigerus,
585 1560 671 1624 filius
695 1560 822 1641 Syffridi
843 1561 883 1625 de
905 1560 1146 1643 Hestinsleybin
1169 1563 1295 1640 militis,
1321 1562 1417 1646 Hngo
1438 1569 1470 1627 et
1488 1562 1577 1626 Hen-

369 1660 454 1722 rieus
485 1658 596 1722 fratres
627 1658 702 1721 dicti
735 1659 773 1722 de
804 1657 1046 1741 Hsstinsleybin
1076 1658 1152 1721 inne
1181 1658 1303 1738 yetobt,
1344 1658 1461 1722 deiciunt
1490 1660 1576 1723 brido.

368 1754 494 1819 Testes:
531 1754 719 1820 Ludewieus
758 1758 796 1820 de
828 1756 1034 1836 Willerstete,
1065 1757 1221 1839 Syffridus
1259 1757 1298 1821 de
1334 1756 1577 1838 Hastinsleybin

371 1853 503 1932 milites,
524 1852 708 1916 Guntherus
734 1854 773 1917 de
792 1853 954 1919 Tenestete
977 1857 1126 1939 armiger,
1152 1856 1361 1921 Theodericus
1384 1855 1578 1939 Gingnlntor,

371 1948 541 2013 Kristenos
553 1949 656 2013 dictus
668 1949 790 2014 Frsrrke
805 1957 834 2015 et
846 1950 995 2015 Erwinus
1011 1953 1049 2016 de
1060 1953 1248 2016 Sunneborn
1265 1956 1351 2017 cives
1361 1952 1578 2018 Erfurdenses

371 2046 491 2110 Datum
505 2066 589 2110 enno
599 2044 732 2111 Domini
744 2047 887 2111 M⁰OCC⁰
898 2046 1011 2111 ΧΧΙΙο
1032 2050 1199 2129 dominice,
1216 2071 1279 2133 qua
1294 2058 1440 2114 cantetur
1454 2056 1578 2114 cantate

371 2141 519 2209 Domino.

422 2259 514 2316 onim
524 2260 635 2330 Kyros.
646 2260 812 2317 A.euM.aS'.
824 2260 850 2315 d.

271 2448 379 2532 1322.
407 2449 516 2534 Junl
542 2452 580 2535 8.
1513 2460 1575 2543 13.

370 2588 477 2651 Frater
518 2588 694 2669 Dytmarus
732 2590 868 2653 ordinis.
889 2589 1130 2671 Cysteroionsis,
1170 2595 1336 2674 episcopus
1375 2593 1576 2669 Gabulensis,

368 2692 514 2770 gerentes
539 2688 624 2751 vices
645 2686 761 2752 Mothis
783 2687 1005 2771 archiepiscopi
1028 2687 1206 2769 Mogontini
1228 2691 1316 2753 electi
1339 2689 1464 2753 carluid
1485 2691 1577 2755 einim

370 2782 487 2848 Abloss
511 2804 570 2847 oon
601 2788 647 2849 20
671 2782 777 2864 Tagen
797 2783 895 2860 ause
924 2783 1034 2847 waere
1055 2784 1106 2847 dio
1127 2784 1246 2849 Kirdoc
1266 2810 1289 2851 s.
1312 2787 1441 2851 Martini
1462 2792 1577 2855 veteris

371 2882 533 2967 hospitalis
553 2884 637 2946 intre
659 2902 767 2947 muros
790 2882 995 2945 Erfordenses
1019 2882 1167 2945 murem
1191 2884 1261 2945 und
1285 2884 1418 2947 daselbst
1434 2904 1489 2948 oor
1508 2886 1578 2948 dem

371 2980 467 3045 Alter
491 2980 575 3061 fiius
603 2978 793 3044 Voteruuser
821 2979 919 3055 beten,
953 2978 1043 3042 einen
1071 2980 1187 3043 Abdms
1214 3002 1273 3045 oon
1304 2985 1349 3045 40
1371 2981 1477 3062 Tagen
1504 2983 1578 3047 aber

372 3078 480 3155 derecte,
502 3076 611 3141 welche
631 3078 686 3139 der
701 3074 810 3139 Hostis
829 3075 933 3157 loigeri
954 3077 1027 3139 oder
1048 3077 1114 3140 ihre
1131 3077 1420 3143 mildrm'cheHand
1440 3081 1497 3159 seir
1517 3082 1578 3144 don

372 3174 535 3239 tactuum
569 3172 731 3239 Untcrhnlt
761 3172 817 3236 der
842 3172 962 3237 Kirche
990 3174 1105 3255 ‹iffnere

351 3290 472 3354 Datum
500 3288 644 3353 Erfurdie
670 3308 754 3353 anno
776 3287 907 3352 Domini
928 3288 1285 3372 M.ceu.xX11.,V1.
1306 3292 1384 3357 ldus
1403 3292 1504 3355 Junii.

423 3404 467 3461 Or.
477 3406 515 3459 im
524 3404 587 3475 th
599 3406 635 3461 St.
646 3405 681 3463 A.
690 3420 725 3459 ru
738 3405 777 3461 M.
796 3403 859 3462 sd.

271 3598 381 3681 1322.
407 3597 517 3681 Junl
539 3602 578 3681 8.
1203 3608 1206 3614 ’
1513 3604 1576 3685 14.

372 3734 563 3807 Hcimbrict,
604 3734 681 3817 Voqt
708 3756 749 3801 eu
781 3734 982 3814 Balteusen,
1017 3736 1141 3813 hemer
1170 3736 1231 3798 deu
1264 3734 1408 3819 Vertrcg,
1446 3737 1577 3803 ceddren

373 3830 558 3897 meumst
578 3853 637 3897 von
654 3832 824 3914 Ringleben
843 3833 900 3896 mu
914 3832 1055 3909 Roinodd
1085 3832 1184 3898 Vltor
1205 3854 1249 3897 on
1269 3834 1325 3898 der
1335 3834 1577 3916 Egistimdcirdtc

369 3930 405 3994 iu
425 3931 552 4012 Erfurt,
572 3950 674 4011 weyers
694 3930 934 4011 riiclestcindiqer
955 3930 1072 3993 Ziusen
1091 3928 1280 4010 yesmossee
1298 3932 1362 3996 hot.

420 4048 465 4106 Or.
475 4047 513 4101 im
522 4048 585 4117 qu.
599 4049 638 4105 st.
650 4048 683 4100 A.
694 4064 728 4101 eu
737 4048 778 4102 M.
790 4049 816 4101 S.
826 4047 852 4099 d.

347 4152 415 4235 Ego
427 4150 631 4217 Helmbrieus
653 4152 823 4217 advocatus
843 4152 963 4215 domini
982 4153 1053 4231 mei,
1074 4151 1195 4215 domini
1208 4150 1357 4216 driderici
1374 4154 1579 4233 marchionis,

267 4250 300 4312 in
322 4249 481 4313 Bothusen
504 4250 704 4333 presentibus
720 4249 845 4332 publice
860 4268 1057 4329 recognosco,
1079 4248 1163 4331 quod
1179 4248 1388 4313 Theodericus
1403 4250 1442 4313 de
1458 4250 1574 4315 Rinke-

266 4346 380 4426 luben,
410 4346 496 4411 filius
525 4348 686 4431 quondam
716 4346 770 4409 m.
803 4346 877 4409 dicti
910 4344 1075 4429 Wenigen‚
1106 4347 1249 4429 promisit
1278 4346 1411 4411 fideliter
1441 4350 1473 4410 in
1506 4368 1576 4411 mee

267 4446 430 4526 presencie
450 4446 658 4523 constitutus,
688 4444 772 4527 quod
794 4445 861 4527 ipse
883 4442 960 4506 velit
981 4449 1012 4506 et
1033 4442 1125 4507 debet
1144 4462 1255 4506 omnes
1275 4445 1412 4523 fructuS,
1437 4446 1493 4527 qui
1514 4446 1576 4509 hoo

267 4560 351 4605 enno
380 4548 522 4607 crescent
540 4544 575 4605 in
598 4562 727 4620 menso,
747 4542 778 4605 in
800 4542 919 4623 eampis
940 4542 1041 4625 ipsius
1061 4540 1136 4603 ville
1158 4539 1365 4605 Rinkeleiben
1387 4543 1455 4622 sito,
1477 4562 1573 4624 quem
