3525 5209
478 412 708 469 Urkundenbuclr
727 414 776 469 der
794 414 877 469 Stadt
897 414 1002 467 Errare
1039 412 1079 471 II.
1092 412 1178 470 Theil.
1452 416 1482 469 ll

170 563 236 627 sub
267 564 379 646 sigillis
400 570 431 628 et
451 564 563 628 litteris
582 565 727 649 sigillatis
747 564 980 629 honorabilium
1002 564 1143 627 virorum
1165 562 1346 629 officialium
1370 564 1484 629 Sancte

170 660 277 725 Maris
298 666 329 725 et
349 661 456 725 Sancti
477 661 585 726 Severi
606 662 807 728 ecelesiarum
823 663 1062 727 Erfurdensium
1084 662 1339 745 recognoscimus
1359 660 1484 745 publice

168 756 366 841 profitentes,
382 760 467 842 quod
483 758 583 823 lorma
601 760 732 843 legitimi
749 768 940 841 contractus,
954 781 1017 844 que
1027 762 1060 823 in
1072 758 1317 825 alienationibus
1326 759 1482 823 bonorum

168 860 239 919 tam
270 858 560 941 proprietariorum,
590 878 687 943 quam
719 859 978 923 hereditariorum
1011 866 1043 922 et
1071 878 1106 923 se
1131 860 1327 921 moventium
1360 876 1397 921 ac
1424 859 1484 921 im·

170 953 343 1017 mobilium
375 954 482 1019 haberi
511 958 691 1033 consuevit,
721 959 752 1021 in
783 956 934 1021 omuibus
965 976 1006 1021 er
1033 963 1117 1020 certa
1146 956 1278 1021 scientia
1308 954 1483 1033 observata,

171 1051 332 1135 religiosis
352 1058 384 1117 et
403 1054 438 1116 iu
454 1052 576 1119 Christo
593 1054 714 1119 devotis
728 1056 857 1119 domiuo
873 1054 979 1119 abbati
994 1061 1026 1119 et
1041 1056 1097 1119 toti
1113 1054 1283 1118 conventui
1301 1055 1482 1117 monasterii

170 1152 276 1213 saneti
299 1150 384 1215 Petri
412 1153 446 1215 in
466 1152 612 1217 Eriordia
632 1154 752 1218 ordinis
774 1154 803 1218 S.
825 1152 986 1219 Benedicti
1012 1173 1048 1217 ac
1072 1172 1183 1217 eorum
1204 1152 1395 1217 monasterio
1419 1157 1483 1215 tres

169 1266 247 1311 eum
281 1248 412 1313 dimidio
440 1269 569 1315 mansos
596 1258 676 1315 terre
703 1252 831 1315 arabilis
854 1252 962 1315 minus
987 1270 1051 1315 uno
1078 1256 1209 1333 agraet
1234 1269 1329 1313 unam
1360 1250 1482 1313 curiam

168 1345 277 1409 allodii
311 1348 412 1411 nostri
444 1366 518 1411 eum
558 1348 684 1413 duabus
705 1350 775 1413 aliis
801 1350 899 1412 curiis
926 1351 957 1411 iu
989 1349 1109 1431 campis
1134 1353 1165 1411 st
1194 1346 1268 1411 villa
1291 1346 1369 1411 meu
1397 1347 1482 1425 sitos,

170 1445 287 1525 purtim
318 1446 460 1528 proprios
485 1452 516 1509 et
541 1446 652 1529 partim
682 1447 886 1511 hereditarios
914 1454 946 1509 et
971 1449 1005 1510 in
1033 1451 1121 1530 parte
1147 1444 1299 1520 feodales,
1324 1464 1360 1508 ee
1387 1445 1481 1507 etiam

172 1542 415 1623 quatuordeeim
443 1544 561 1607 talenta
590 1546 791 1609 denariorum
823 1543 1063 1607 Erfordeusium
1095 1561 1202 1607 annue
1227 1544 1388 1625 pensionis
1415 1543 1483 1605 sire

171 1657 290 1703 census
323 1658 396 1703 cum
429 1660 485 1704 sex
517 1641 640 1720 solidis,
672 1662 734 1725 que
766 1642 857 1705 nobis
886 1643 919 1704 in
946 1642 1065 1723 prefata
1094 1640 1167 1703 villa
1192 1639 1273 1703 Alcb
1300 1640 1339 1703 de
1367 1658 1481 1703 novem

173 1738 295 1801 mansis
314 1742 346 1801 et
362 1756 472 1802 eorum
489 1740 686 1822 pertinentiis
704 1742 772 1804 iure
793 1740 982 1804 advocatitio
1007 1738 1234 1822 competebant,
1253 1759 1273 1803 a
1289 1737 1481 1821 quibusdam

173 1834 358 1899 bominibus
386 1835 468 1901 dicte
497 1837 571 1901 ville
591 1838 677 1920 ipsos
698 1858 825 1903 mansos
847 1836 1030 1902 tenentibus
1054 1835 1276 1920 persolvenda,
1297 1854 1370 1899 cum
1394 1835 1482 1897 omni

172 1932 390 1997 iurisdictione
418 1941 449 1997 et
473 1935 603 2005 iudicio,
636 1954 697 2018 que
723 1956 781 1999 uos
807 1938 840 1998 in
867 1936 936 2019 ipse
963 1934 1038 1998 villa
1057 1932 1298 2015 contingebant,
1323 1931 1480 1997 criminali

174 2030 324 2095 videlieet
344 2036 376 2095 et
394 2032 486 2109 eivili,
508 2037 538 2096 et
555 2033 743 2116 generaliter
754 2032 886 2097 dicendo
900 2034 1007 2097 omnia
1027 2040 1058 2097 et
1078 2032 1215 2116 singula,
1236 2050 1298 2114 que
1318 2032 1352 2095 iu
1369 2031 1478 2095 eadem

174 2127 247 2191 villa
279 2128 361 2191 Alch
392 2148 448 2193 seu
479 2131 573 2194 edam
604 2132 640 2193 in
670 2132 790 2214 eampis
816 2130 891 2195 ville
918 2130 1035 2195 ibidem
1065 2148 1168 2213 usque
1194 2129 1235 2193 ad
1262 2129 1320 2193 hec
1341 2134 1482 2211 tempora

173 2225 371 2289 dinoscimur
384 2226 543 2307 habuisse,
565 2246 757 2311 quoeunque
772 2234 803 2293 et
818 2228 1066 2311 quibuscunque
1084 2226 1269 2293 nominibus
1284 2231 1482 2302 censeantur,

175 2341 238 2385 uno
260 2328 367 2386 temen
388 2324 504 2387 talento
524 2326 624 2389 auuui
644 2344 760 2389 census
781 2326 819 2389 de
840 2326 968 2408 prefatis
990 2325 1227 2407 quatuordecim
1247 2324 1372 2388 talentis
1388 2323 1481 2387 nobis

173 2421 262 2503 prius
284 2421 316 2482 in
338 2420 408 2485 aliis
428 2421 542 2487 debitis
563 2422 723 2502 defalcato,
743 2423 945 2492 vendidimus
965 2422 1276 2505 etpossessioualiter
1294 2420 1481 2484 tradidimus

174 2517 358 2601 plenissimo
388 2536 462 2583 curn
494 2518 606 2585 effectu
630 2520 790 2604 perpetuis
816 2520 1013 2605 temporibus
1039 2520 1229 2604 possidenda
1254 2539 1292 2583 eo
1315 2519 1423 2602 vigore
1451 2532 1482 2581 et

174 2616 259 2695 iure,
287 2636 351 2698 quo
381 2634 430 2679 res
455 2616 582 2681 venditu
606 2620 739 2682 transire
759 2616 851 2682 debet
872 2620 983 2683 merito
1004 2619 1043 2682 ad
1066 2624 1255 2701 emptorem,
1275 2636 1331 2701 pro
1351 2622 1480 2681 centum

173 2717 202 2777 et
228 2714 358 2797 triginta
382 2732 439 2779 sex
460 2716 574 2779 mareis
596 2721 698 2797 preter
718 2736 820 2781 unum
841 2717 994 2781 fertonem
1015 2718 1086 2800 puri
1107 2717 1228 2799 argenti
1250 2714 1342 2779 uobis
1363 2714 1482 2779 utiliter

173 2810 356 2894 persolutis,
381 2811 441 2875 boc
462 2830 610 2896 expresso
630 2813 843 2897 principaliter
863 2821 895 2877 et
914 2815 1077 2897 promisso.
1098 2813 1183 2896 quod
1203 2812 1295 2877 nobis
1316 2814 1348 2876 in
1371 2811 1480 2875 eadem

172 2908 247 2971 villa
279 2914 310 2973 et
331 2910 450 2991 campis
478 2909 593 2973 ibidem
626 2911 705 2973 nihil
736 2912 956 2995 possessionie,
987 2930 1117 2989 ceneris,
1147 2911 1361 2982 obventioniS,
1392 2910 1480 2981 iuris,

173 3005 296 3083 iudicii,
324 3005 551 3070 iurisdictionis
574 3014 605 3072 et
625 3008 756 3072 dominii
777 3011 905 3090 penitus
923 3007 1165 3088 reservabimus,
1187 3013 1318 3090 excepto
1342 3006 1477 3089 quodam

171 3102 271 3183 feodo,
293 3104 377 3187 quod
397 3108 558 3188 wegemite
573 3108 785 3170 communiter
804 3106 986 3190 appellatur,
1007 3105 1046 3170 ab
1063 3107 1179 3171 illustri
1193 3106 1335 3189 principe
1351 3105 1480 3169 domiue

172 3202 348 3283 lantgravio
376 3200 547 3285 Thuringie
574 3204 777 3287 procedente,
808 3205 894 3286 quod
921 3205 960 3268 ad
993 3224 1124 3269 manum
1152 3204 1277 3269 fidelem
1304 3202 1398 3267 nobis
1426 3220 1481 3285 per

171 3298 291 3363 dietum
316 3298 481 3363 domiuum
504 3299 649 3365 abbatem
670 3306 700 3365 et
719 3308 911 3365 conventum
934 3322 1029 3366 suum
1051 3302 1202 3366 traditum
1222 3308 1254 3365 et
1273 3299 1478 3363 commissum

172 3395 364 3477 tenebimus,
385 3398 484 3463 donee
505 3398 588 3463 idem
610 3399 760 3463 dominus
782 3398 878 3463 abbas
899 3405 930 3463 et
950 3408 1127 3463 conventus
1140 3402 1210 3464 eius
1223 3398 1480 3483 approbationem

172 3494 270 3557 buius
302 3494 384 3558 feodi
416 3495 476 3559 sibi
508 3502 539 3559 et
570 3515 628 3559 suo
658 3497 848 3560 monasterio
882 3504 1057 3579 opportune
1086 3504 1116 3563 et
1142 3496 1305 3561 commode
1333 3500 1481 3581 poterunt

172 3610 300 3673 sperare
320 3590 359 3654 ab
379 3612 416 3656 eo
437 3599 468 3657 et
489 3593 544 3657 ubi
560 3594 598 3657 de
612 3595 681 3657 iure
696 3594 843 3676 competit
859 3594 1033 3677 impetrari,
1056 3597 1100 3659 ita
1115 3603 1228 3673 tamen,
1248 3594 1332 3677 quod
1347 3598 1480 3677 questus

172 3708 231 3752 seu
263 3690 514 3755 emolumentum
546 3692 620 3755 dieti
649 3691 744 3770 feodi,
775 3692 1007 3775 qualiscunque
1040 3712 1095 3757 seu
1128 3694 1350 3777 qualecunque
1378 3691 1481 3767 fuerit,

171 3806 302 3849 exnunc
317 3806 381 3851 non
402 3787 504 3868 nobie,
524 3789 579 3853 sed
599 3791 717 3873 prefato
738 3789 865 3853 domiuo
887 3788 992 3853 abbati
1013 3810 1050 3853 sc
1069 3793 1140 3855 eius
1160 3792 1350 3855 monasterio
1370 3788 1480 3853 cedere

170 3892 202 3947 et
224 3884 291 3947 dari
313 3884 438 3948 debebit
459 3887 528 3949 sine
549 3888 635 3950 omni
657 3887 866 3950 diminutione
889 3892 920 3949 et
941 3888 1061 3951 defectu
1084 3888 1260 3952 secuudum
1286 3887 1477 3970 exigentiam

171 3984 319 4065 temporis
352 3982 511 4066 expedite,
547 4004 677 4067 prorsus
709 3982 802 4047 nobis
832 3986 867 4048 in
901 3985 983 4048 dicto
1013 3985 1104 4049 feodo
1135 3986 1232 4049 nichil
1263 3987 1356 4063 iuris,
1390 3984 1480 4062 lucri,

172 4080 320 4159 dominii,
351 4082 434 4144 sieut
465 4088 496 4145 et
525 4082 682 4165 prioribus
712 4084 789 4165 ipsis
817 4082 977 4157 venditur,
1007 4091 1212 4147 reservantes,
1260 4084 1395 4166 iusuper
1421 4102 1479 4144 uos

171 4178 378 4243 Gotscbaleus
404 4184 435 4242 et
461 4178 556 4262 Hugo
583 4180 694 4243 fratres
722 4178 852 4262 predicti
873 4199 1014 4243 unacum
1038 4188 1137 4244 matre
1155 4188 1262 4245 nostra
1283 4181 1421 4263 predicta
1441 4200 1478 4241 uc

171 4272 315 4339 Conrado
337 4277 420 4339 dioto
442 4274 614 4340 Hoterman
637 4277 796 4340 avunculo
819 4283 925 4341 nostm
947 4283 978 4341 et
998 4276 1171 4341 Katberina
1192 4298 1291 4343 uxore
1313 4278 1384 4354 mei,
1405 4280 1478 4340 Got-

170 4372 286 4437 scbalci
309 4375 449 4456 predicti,
470 4393 526 4457 per
545 4374 617 4438 fidei
639 4375 796 4439 dationem
809 4377 1023 4458 promittimus
1043 4376 1074 4438 iu
1094 4376 1143 4439 his
1161 4378 1294 4460 scriptis,
1313 4375 1476 4438 dominum

170 4468 314 4536 abbatem
344 4474 478 4556 eiusque
500 4480 692 4536 conventum
722 4494 759 4537 ac
785 4492 895 4537 eorum
924 4476 1152 4537 monasterium
1174 4474 1213 4538 de
1236 4474 1363 4556 prefatis
1387 4472 1479 4535 bonis

171 4568 320 4635 omuibus
347 4576 378 4635 et
406 4570 541 4655 singulis
562 4590 736 4655 eorumque
757 4573 955 4655 pertinentiis
975 4579 1007 4638 et
1028 4574 1173 4654 annexis
1192 4573 1370 4638 seeundum
1392 4570 1477 4657 quod
