3525 5209
434 447 665 504 Urlrundenbuch
683 449 731 503 der
750 450 833 505 Stadt
851 451 957 506 Ertnrt.
994 452 1032 506 ll.
1046 453 1131 507 'l'heil
1420 458 1438 509 5

144 596 238 677 1321.
266 596 458 678 bktrvber
484 598 543 681 15.
1397 605 1435 685 8.

230 746 291 813 Die
316 752 553 831 propstcilicben
578 752 723 834 officiale
751 756 806 818 des
826 756 1060 836 Muriemriistes
1087 758 1122 819 in
1144 755 1262 837 Erfurt
1283 757 1438 821 beluam

230 848 430 911 discurrente
458 851 603 931 atienae
635 851 721 915 einer
748 852 876 917 Vitarie
908 854 942 916 in
972 854 1028 917 der
1048 853 1168 917 Kircbc
1189 853 1329 917 Martini
1349 854 1438 917 intra

231 945 327 1008 duret
348 946 400 1009 die
419 946 546 1027 Brirper
574 947 607 1013 U
606 948 684 1013 tricia
707 949 797 1014 Swob
817 951 887 1014 und
908 950 1061 1015 Heinrich
1081 950 1200 1031 lance.
1273 1009 1275 1013 ,

280 1072 325 1125 Or.
343 1072 394 1127 mit
411 1072 438 1127 a
456 1075 494 1127 im
513 1072 574 1143 Kpi.
594 1074 680 1130 ΕΜ.
699 1092 733 1128 ru
751 1074 790 1129 M.

217 1174 370 1250 officiales
405 1190 599 1271 prepositure
628 1188 757 1253 ecclesie
790 1210 812 1253 s.
842 1188 940 1253 Marie
964 1188 1172 1254 Erfordensis.
1221 1188 1352 1253 Noverit
1378 1190 1462 1253 dis'

148 1286 232 1347 cretio
254 1284 490 1361 universorum,
512 1286 596 1369 quod
619 1307 703 1351 anno
724 1288 956 1351 incarnacionis
978 1286 1106 1352 Domini
1128 1286 1275 1351 M⁰CCC⁰
1290 1285 1439 1365 XX⁰X⁰,

150 1380 206 1443 llal.
229 1380 407 1445 Decembris
427 1384 488 1445 viri
511 1385 631 1467 providi
654 1391 685 1448 et
706 1385 828 1448 honesti
847 1384 973 1448 Ulricus
994 1385 1098 1448 dictus
1115 1383 1200 1448 Suab
1220 1391 1252 1447 et
1265 1382 1438 1447 Heinricus

147 1480 236 1543 dictus
254 1478 359 1561 Lange
386 1480 512 1563 opidani
533 1480 738 1547 Erfurdensea
764 1484 886 1546 intentu
916 1482 978 1545 Dei
998 1488 1029 1546 et
1049 1502 1105 1566 pro
1126 1483 1228 1546 salvrte
1249 1500 1380 1547 suarum
1401 1501 1438 1544 ac

150 1578 276 1640 omnium
296 1579 474 1641 animarum
497 1578 638 1643 fidelium
660 1581 694 1643 in
716 1580 847 1645 ecclesia
868 1600 892 1645 s.
913 1579 1050 1659 Martini
1067 1582 1127 1645 aita
1147 1579 1230 1643 intra
1250 1598 1360 1642 muros
1379 1577 1437 1642 Er·

146 1674 299 1754 lundenses,
317 1675 437 1739 domini
459 1674 597 1739 Bertoldi
616 1678 681 1740 veri
704 1678 837 1760 pastoris
859 1696 915 1741 seu
938 1678 1067 1741 rectoris
1089 1677 1204 1741 ibidem
1227 1683 1435 1741 concurrente

148 1792 287 1836 consensu
313 1772 503 1839 beneficium
526 1774 773 1839 ecclesiasticum
794 1792 852 1838 seu
875 1776 1024 1839 vicariam
1052 1776 1091 1839 de
1116 1794 1200 1838 novo
1219 1774 1436 1838 fundaverunt

148 1890 179 1931 ac
197 1872 418 1950 instaurarunt,
447 1890 581 1955 eamque
599 1870 700 1951 bonis,
721 1872 865 1937 videlicet
889 1892 945 1937 sex
966 1874 1087 1937 mansis
1107 1890 1181 1937 oum
1203 1872 1333 1935 dimidio
1353 1877 1435 1937 terre

149 1966 256 2031 arabilis
267 1966 464 2033 Erlordensis
479 1987 638 2047 mensure,
654 1969 820 2033 duodecim
838 1969 990 2033 frumenti
1005 1976 1036 2033 et
1050 1977 1119 2034 octo
1133 1969 1253 2033 maldra
1269 1971 1433 2033 annuatim
1477 2017 1482 2027 .

150 2064 379 2147 exsolventibus
410 2086 546 2149 quornm
578 2066 707 2150 quidem
734 2066 797 2129 duo
826 2086 899 2131 cum
928 2067 1057 2131 dimidio
1085 2067 1120 2131 iu
1146 2068 1265 2150 campis
1288 2066 1434 2131 villorum

152 2160 284 2225 l'rondorf
301 2170 332 2227 et
354 2163 593 2242 Amldishusen‚
615 2164 678 2227 duo
699 2166 732 2226 in
755 2165 874 2248 campis
895 2164 969 2227 ville
985 2163 1190 2229 Dacbebecbe
1204 2169 1235 2228 et
1250 2164 1314 2227 duo
1332 2164 1433 2227 mansi

151 2260 175 2321 in
193 2263 302 2344 campis
321 2262 393 2325 ville
407 2260 550 2327 Sanstete
566 2262 782 2326 adiacentibus
798 2262 850 2327 siti
864 2263 1050 2339 consistunt
1065 2261 1218 2344 legittime
1238 2262 1436 2339 dotaverunt,

151 2376 217 2419 onus
235 2358 291 2421 hoc
311 2358 427 2421 vicarie
449 2357 635 2441 inponentes
657 2359 774 2439 eidem,
804 2359 899 2443 quod,
921 2362 1107 2443 quicunqne
1127 2358 1313 2424 clericorum
1333 2358 1435 2441 ipsam

149 2452 288 2535 habuerit,
315 2456 446 2519 missam
474 2456 509 2518 in
537 2456 633 2521 altare
659 2458 801 2523 eiusdem
827 2458 957 2523 ecclesie
986 2458 1097 2521 maiori
1115 2456 1248 2536 legendo
1270 2456 1437 2519 dumtaxat

149 2552 336 2616 attentando
355 2554 448 2616 iuxta
476 2552 600 2636 plebani
622 2554 749 2618 libitum
777 2557 810 2618 in
832 2560 905 2619 ortu
925 2556 986 2618 diei
1007 2554 1134 2618 cottidie
1155 2553 1337 2632 celebrabit,
1363 2572 1436 2616 nec-

150 2668 201 2711 non
221 2650 351 2734 aingulis
373 2650 491 2714 divinis
512 2650 661 2715 horarum
682 2652 793 2715 officiis
814 2654 846 2716 in
870 2653 913 2716 ibi
933 2652 1137 2716 decantandis
1150 2652 1281 2730 intersit,
1303 2652 1328 2715 si
1340 2670 1437 2716 causa

149 2748 306 2811 rationabili
332 2748 382 2812 vel
401 2748 533 2811 honesta
553 2768 616 2813 non
638 2749 734 2813 fuerit
754 2750 932 2834 impeditus
973 2748 1009 2814 In
1030 2750 1123 2814 cuius
1136 2749 1315 2813 relevamen
1331 2750 1436 2813 oneris

149 2844 203 2925 ipae
221 2847 367 2925 vicarius,
394 2847 449 2928 qui
471 2854 535 2909 tam
557 2846 595 2910 de
616 2848 834 2931 spiritualibus
855 2848 931 2911 dicti
953 2846 1095 2912 beneficii
1117 2865 1175 2911 seu
1195 2846 1320 2924 vicarie,
1338 2867 1433 2929 qnam

150 2942 355 3023 temporalibus
388 2944 557 3008 investitus
589 2951 684 3028 atque
716 2946 867 3009 canonice
898 2946 994 3010 luerit
1017 2946 1196 3022 institutus,
1221 2949 1435 3027 proventuum

150 3039 339 3119 predictomm
371 3047 402 3105 et
432 3041 613 3105 reddituum
642 3043 749 3106 decem
778 3043 901 3107 maldra
931 3049 963 3106 et
987 3042 1154 3105 dimidium
1180 3041 1315 3123 singulis
1342 3041 1435 3105 annis

151 3138 278 3220 percipiet
299 3143 329 3202 et
350 3140 488 3222 recipere
510 3138 602 3203 debet
622 3142 654 3203 in
678 3160 757 3205 usus
779 3160 854 3204 suos
871 3142 1014 3224 proprios
1033 3137 1253 3202 convertenda.
1295 3137 1436 3201 Ecclesia

151 3252 209 3296 vero
233 3256 255 3299 s.
276 3234 403 3299 Martini
430 3256 519 3299 seu..
540 3244 758 3320 procuratores
782 3240 883 3322 ipsius
912 3258 1013 3301 unum
1041 3235 1199 3300 maldrum
1225 3236 1376 3299 frumenti
1405 3240 1436 3298 et

151 3332 234 3405 ordei,
260 3334 487 3417 propterquod
516 3336 577 3418 ipsi
598 3335 636 3398 de
658 3335 883 3414 luminaribus,
912 3336 1001 3399 libris
1028 3340 1060 3397 et
1079 3334 1176 3398 calice
1195 3335 1373 3417 ceterisque
1394 3334 1433 3397 de

151 3427 229 3491 rebus
263 3431 479 3495 ecclesiasticis
521 3433 560 3495 ad
597 3433 741 3496 divinum
779 3434 995 3517 peragendum
1031 3430 1172 3495 officium
1203 3430 1435 3515 pertinentibus

152 3524 310 3591 dietenua..
333 3530 451 3592 vicario
472 3530 635 3612 providere
656 3537 816 3603 tenentur,
838 3532 1010 3615 percipient
1027 3532 1061 3592 in
1082 3548 1163 3592 usus
1183 3529 1285 3613 ipsius
1306 3528 1436 3592 ecclesie

153 3622 351 3705 eligendum,
369 3626 537 3690 dimidium
560 3646 688 3711 quoque
710 3628 868 3692 maldrum
889 3629 1059 3710 utriusque
1078 3627 1232 3690 frumenti
1252 3625 1435 3689 reddituum

153 3722 334 3786 eorundem..
358 3724 486 3787 scolaris
507 3731 563 3789 aut
578 3726 807 3795 ecclesiasticus
820 3726 958 3804 ecclesie,
980 3727 1035 3808 qui
1049 3724 1279 3808 procurationis
1291 3723 1434 3787 eiusdem

154 3817 258 3883 racione
267 3820 326 3883 sibi
341 3821 455 3885 tradite
470 3821 583 3886 diebus
601 3822 735 3906 singulis
751 3824 789 3887 ad
806 3826 949 3887 missam.
961 3871 967 3885 .
980 3823 1097 3887 vicario
1109 3822 1288 3885 ministrare
1302 3826 1436 3901 tenetur,

154 3920 296 3981 annuatim
327 3920 478 4002 percipiet
508 3925 539 3984 et
569 3919 703 3984 habebit.
756 3920 817 3985 Jus
848 3927 954 3985 autem
985 3924 1172 4005 patronatus
1202 3916 1346 3981 beneficii
1378 3937 1435 3982 seu

155 4012 249 4077 vienne
270 4016 398 4098 predicti
418 4020 479 4080 et..
500 4018 648 4081 clericum
662 4018 863 4102 presentandi
880 4018 939 4082 sibi
958 4017 1068 4102 prefati
1088 4016 1271 4080 fundatores
1296 4020 1327 4078 et
1347 4015 1435 4080 here-

153 4106 229 4174 dibus
246 4114 309 4177 suis
332 4119 479 4197 perpetue
500 4134 660 4179 reservare
680 4121 843 4195 curarunt,
863 4118 908 4179 ita
928 4116 1081 4190 videlicet,
1104 4112 1188 4196 quod
1211 4131 1436 4196 quemcunque

153 4204 280 4274 clericum
309 4212 543 4277 instituendum
563 4216 594 4276 et
624 4213 860 4276 investiendum
888 4214 1050 4294 ydoneum
1075 4212 1136 4294 ipsi
1162 4214 1288 4293 etpost
1313 4208 1435 4273 obitum

152 4301 269 4383 ipsorum
291 4309 420 4373 heredes
441 4328 551 4373 eorum
571 4311 686 4393 pariter
707 4328 780 4373 cum
802 4330 911 4376 vero..
933 4316 1056 4393 pastore
1077 4328 1133 4372 seu
1155 4307 1288 4391 plebano
1305 4306 1435 4372 ecclesie

153 4418 171 4463 s.
197 4401 311 4470 llartini
350 4406 518 4491 sepedicte‚
557 4410 612 4491 qui
642 4428 698 4491 pro
730 4414 868 4492 tempore
899 4410 1065 4473 institutus
1095 4407 1234 4470 extiterit
1264 4410 1295 4468 et
1324 4425 1436 4469 curam

153 4500 305 4567 animarum
323 4504 443 4569 ibidem
459 4504 611 4585 habuerit
630 4507 778 4570 vicariam
796 4507 1045 4589 presentaverint
1060 4502 1251 4579 mecedem,
1267 4504 1436 4585 recipiatur

153 4602 176 4657 ct
193 4598 379 4682 admittatur,
405 4604 432 4667 si
454 4620 518 4665 non
539 4602 616 4669 alias
637 4604 825 4667 canonicum
847 4604 924 4687 quid
945 4602 1084 4667 obsistat.
1125 4599 1164 4663 In
1187 4619 1324 4683 quorum
1345 4599 1437 4663 certi·
