3525 5209
467 371 699 426 Urkundenbueh
714 372 763 426 der
781 371 862 426 stadt
880 371 984 429 Erfurt.
1022 372 1061 429 II.
1074 371 1161 426 Theil.
1437 372 1472 426 89

167 541 239 604 pars
260 523 431 604 appellans,
451 530 559 586 contra
580 523 731 586 discretos
742 525 835 593 viros,
858 524 1003 586 dominos
1014 523 1162 586 officiales
1177 524 1298 586 domini
1311 521 1476 598 Jelrannis,

165 623 315 703 prepositi
337 620 467 684 ecclesie
488 626 595 684 sancte
606 621 704 684 llario
715 621 924 700 ErfurdensiS,
938 641 994 685 seu
1005 629 1114 684 contra
1126 622 1296 703 legitimam
1309 640 1475 706 personam

165 738 223 803 pro
245 720 323 801 ipsis
340 721 612 798 intervenientem,
633 739 703 782 reos
724 727 754 782 et
774 729 894 802 partem
916 721 1115 802 appellatam,
1148 720 1232 800 quod
1253 719 1326 782 lieet
1346 719 1476 782 eeclesia

166 817 269 879 saneti
288 815 455 879 Laurencii
485 817 622 880 martiris
643 819 676 879 in
696 816 841 879 Erlordia
862 818 1043 899 supradicta
1069 820 1109 880 sit
1129 823 1276 900 exempta
1296 823 1326 880 et
1346 816 1441 880 luent
1459 837 1476 878 a

165 914 383 977 iurisdictione
414 915 598 978 inferiorum
626 915 817 997 prelatorum
844 915 1059 979 subiectorum
1095 916 1267 979 reverendo
1296 917 1329 978 in
1353 914 1476 978 Christo

168 1012 299 1074 domino
327 1061 357 1076 ..
385 1014 617 1096 archiepiscopo
643 1011 831 1094 llleguntino
863 1033 904 1076 ex
933 1015 1072 1096 antiquis
1103 1013 1311 1097 temporibus,
1340 1032 1476 1096 quorum

168 1111 323 1172 memoria
354 1131 417 1172 non
448 1121 507 1189 est,
536 1116 567 1174 et
586 1112 680 1174 cuius
700 1114 847 1174 contrarii
869 1131 926 1174 seu
946 1113 1033 1175 inicii
1055 1114 1207 1175 memoria
1227 1132 1290 1175 non
1317 1113 1424 1175 existit
1447 1119 1478 1172 et

165 1209 325 1271 institutio
342 1228 399 1271 seu
411 1210 597 1271 investitura
611 1215 641 1272 et
655 1211 803 1272 eorrectio
815 1216 937 1272 tantum
951 1210 988 1272 ad
1005 1211 1254 1292 archiepiscopos
1266 1210 1480 1292 Mogentinos,

166 1307 223 1387 qui
252 1325 309 1388 pro
341 1311 480 1389 temporo
505 1307 641 1385 fuerint,
661 1308 815 1389 pertineat
845 1315 876 1371 et
908 1309 1100 1390 pertinerent
1120 1307 1159 1370 ab
1181 1309 1325 1390 antiquo,
1353 1313 1478 1370 aterne

166 1409 319 1487 tempore,
342 1410 377 1468 ut
398 1406 595 1487 premittitur,
614 1407 708 1468 errius
729 1407 876 1468 contrarii
890 1406 1034 1489 principii
1057 1425 1113 1469 sen
1135 1407 1220 1468 inicii
1243 1407 1395 1469 memoria
1414 1425 1477 1468 non

167 1503 286 1581 existit,
307 1503 418 1586 prefati
440 1509 544 1566 tamen
567 1551 593 1567 ..
614 1503 763 1566 officiales
785 1504 823 1566 de
838 1505 928 1582 facto,
949 1524 1022 1566 eum
1043 1505 1081 1566 de
1101 1504 1393 1587 iurenonpossent,
1414 1523 1476 1565 non

170 1600 317 1663 obstante
337 1601 475 1683 predicta
503 1602 716 1683 exemptione,
737 1621 810 1663 cum
830 1603 862 1663 in
894 1602 1055 1664 ecelesiam
1083 1603 1182 1665 saneti
1206 1600 1363 1664 Laurentii
1395 1607 1426 1664 et
1444 1602 1477 1663 in

167 1698 335 1760 dominum
352 1700 544 1781 prepositum
566 1701 597 1760 in
622 1699 681 1761 hoc
701 1719 776 1761 casu
798 1700 918 1762 nullam
932 1699 1065 1762 habeant
1086 1699 1344 1778 iurisdienonem,
1365 1718 1478 1761 monu-

166 1802 264 1859 erunt
295 1803 325 1859 et
352 1798 474 1860 moneri
506 1796 649 1860 fecerunt
677 1796 833 1880 prefatum
868 1798 1061 1879 prepositum
1092 1799 1190 1860 sancti
1223 1798 1407 1878 Augustini,
1443 1803 1478 1858 ut

169 1896 238 1976 ipse
258 1901 453 1978 presentaret
475 1895 603 1977 prelatis
626 1943 654 1958 ..
678 1894 864 1957 officialibus
887 1915 1050 1976 personam
1075 1896 1230 1975 ydoneam
1251 1895 1290 1956 ad
1315 1893 1477 1957 ecelesiam

166 1993 268 2055 sancti
300 1991 461 2055 laurentii
492 1991 662 2075 predictam
693 1992 775 2053 inira
808 1993 1046 2074 quatuordeeim
1080 1993 1146 2056 dics
1173 1999 1244 2076 post
1269 1993 1476 2054 municionem

167 2091 328 2171 ipsorum,
357 2090 497 2172 alioquin
522 2091 606 2152 idem
627 2089 776 2151 officiales
797 2088 917 2152 vellent
937 2110 1102 2172 personam
1123 2090 1279 2170 ydoneam
1302 2090 1340 2152 arl
1363 2089 1476 2150 dictam

167 2187 332 2250 ecelesiam
345 2188 490 2250 ordinare
500 2196 531 2250 et
547 2188 678 2250 errrrdem
691 2189 842 2264 conferre,
857 2198 1031 2251 asserentes
1045 2189 1152 2252 minus
1163 2189 1324 2270 legittime,
1346 2187 1475 2249 eandem

167 2287 333 2349 eeclesiam
355 2287 455 2349 saneti
477 2285 637 2348 [arrrcutii
662 2291 748 2348 tante
769 2292 909 2368 tempore
930 2306 1073 2365 vacasse,
1102 2286 1184 2368 qrrotl
1206 2287 1276 2348 eius
1298 2285 1425 2348 collusio
1448 2291 1479 2345 et
1505 2307 1511 2325 ·

167 2385 328 2446 onlinacio
362 2391 443 2446 esset
476 2383 622 2446 devoluta
653 2383 693 2446 atl
724 2383 878 2465 prefatum
907 2384 1072 2448 (lentinum
1094 2433 1124 2446 ..
1150 2385 1342 2467 prepositum
1372 2389 1478 2445 saneto

169 2482 267 2544 Mario
290 2493 451 2564 tamquam
479 2482 517 2544 ad
551 2483 743 2562 superiorem
778 2482 994 2544 inmerliatum.
1037 2481 1106 2556 Quo
1130 2482 1318 2544 municionis
1344 2474 1477 2544 teriuine

169 2582 338 2663 pendente,
361 2579 499 2662 prefatus
521 2581 696 2662 prepositus
718 2580 818 2642 sancti
830 2580 1003 2660 Augustini
1021 2581 1198 2662 comperuit
1211 2579 1475 2660 legittimeeoram

170 2680 317 2760 predictis
338 2677 527 2740 etiieialibus
546 2686 577 2738 et
595 2677 742 2757 allegavit
761 2677 960 2758 privilegium
985 2679 1195 2759 excerptionis
1215 2697 1271 2739 sue
1293 2677 1477 2759 predictum,

169 2784 200 2839 et
220 2776 305 2858 quoti
323 2777 406 2837 dieta
420 2775 551 2838 ecelesia
561 2775 661 2837 sancti
674 2773 838 2837 lmrrrencii
850 2781 933 2838 essct
947 2777 1143 2857 incorporata
1156 2775 1273 2858 prefato
1289 2776 1477 2836 monasterio

169 2876 270 2937 sinoti
294 2874 481 2961 Augustini,
501 2873 634 2936 offerens
657 2892 690 2934 se
711 2873 745 2934 in
766 2873 848 2934 farto
869 2873 1078 2935 censistenria
1099 2873 1250 2954 legittime
1261 2871 1478 2954 probaturum,

171 2975 360 3056 inquantum
393 2973 432 3033 de
464 2973 625 3054 premissis
657 2973 689 3032 in
722 2971 802 3031 l'urte
833 2976 990 3034 constaret
1018 2977 1048 3034 et
1071 2969 1214 3053 quesibi
1236 2970 1475 3032 suilieerentarl

171 3072 332 3132 victoriam
356 3089 413 3132 sue
434 3088 537 3131 eatrse.
578 3068 619 3130 llt
639 3069 715 3150 quia
737 3069 811 3130 dicti
832 3068 981 3130 officiales
1003 3069 1139 3132 eundem
1161 3068 1355 3150 prepositum
1377 3069 1476 3128 sancti

171 3169 343 3249 Augustini
384 3186 479 3248 super
509 3167 671 3248 premissis
703 3164 812 3227 audire
843 3171 952 3227 contra
984 3167 1139 3227 iusticiam
1171 3171 1372 3241 recusarunt,
1392 3165 1476 3226 irlenr

170 3267 348 3348 prepositus
367 3266 529 3341 sencienS,
549 3284 583 3326 se
608 3269 639 3325 et
663 3262 810 3326 ecclesias
831 3283 906 3324 suas
928 3263 1081 3345 predictus
1103 3271 1134 3325 ct
1155 3265 1293 3326 maxime
1314 3263 1475 3325 eeclesiam

170 3364 269 3425 sancti
291 3361 457 3425 lauremii
477 3362 616 3442 gravari,
641 3366 787 3441 gravatos
818 3379 902 3439 esse,
934 3362 1165 3423 verisimiliter
1187 3363 1311 3442 gravari
1331 3381 1422 3444 posse
1444 3362 1476 3421 in

168 3460 382 3537 futurumne
405 3480 462 3522 nos
484 3459 637 3542 prefatum
660 3506 684 3521 ..
707 3459 861 3521 deearrum
885 3459 1014 3521 ecclesie
1035 3467 1141 3523 sancte
1158 3460 1254 3524 llario
1271 3459 1478 3534 liriornensis,

171 3561 307 3622 iudicem
330 3559 514 3640 predictum,
537 3563 571 3619 ut
591 3557 716 3634 dieitur,
737 3557 888 3637 legittime
909 3557 1076 3639 appellavit
1097 3566 1127 3620 et
1148 3558 1385 3641 appellationem
1404 3576 1475 3617 euru

171 3657 275 3720 debita
296 3656 376 3718 iuris
397 3656 547 3717 instantia
568 3656 683 3737 petivit.
726 3655 830 3729 [lirare
851 3656 960 3734 petivit
987 3655 1090 3718 dietus
1116 3702 1123 3716 .
1146 3705 1151 3718 .
1180 3656 1355 3738 prepositus
1376 3654 1476 3716 saneti

171 3755 344 3836 Augustini
367 3774 439 3836 pars
459 3753 627 3836 appellans,
649 3760 806 3835 quatenus
829 3754 862 3814 in
885 3773 981 3815 eausa
999 3755 1180 3817 huiusmodi
1200 3753 1415 3836 appellationis
1436 3751 1477 3812 le-

169 3855 291 3935 gittime
313 3851 567 3930 procederemus,
594 3857 625 3912 et
649 3850 821 3933 predictam
849 3851 1058 3913 municionem
1085 3859 1115 3914 et
1144 3851 1219 3933 quid
1249 3853 1336 3932 quita
1358 3854 1477 3931 postet

170 3959 280 4012 crintra
306 3950 476 4030 {tredictam
503 3948 741 4031 appellationem
770 3967 825 4029 per
853 3949 977 4010 eosdem
1009 3949 1158 4010 officiales
1177 3949 1325 4010 existeret
1345 3951 1476 4029 attemp-

171 4055 271 4110 tatum
295 4048 364 4108 sive
383 4046 510 4124 factum,
530 4066 735 4123 cassaremus,
756 4047 974 4122 irritarremus,
995 4067 1120 4108 iussum
1143 4055 1173 4109 et
1193 4047 1317 4108 irritum
1339 4063 1478 4127 pronun·

171 4147 328 4208 ciaremus
356 4145 394 4205 ad
422 4145 507 4226 quod
534 4144 672 4222 nullum,
698 4152 729 4206 et
750 4144 898 4226 prefatam
921 4145 1085 4208 eeclesiam
1106 4145 1204 4206 sancti
1227 4143 1388 4206 &terentii
1410 4161 1478 4204 esse

171 4249 350 4324 exenrptam
379 4264 398 4304 a
423 4243 638 4305 iurisdictione
662 4250 694 4305 et
721 4249 871 4325 potestate
894 4261 950 4304 seu
972 4244 1155 4305 auctoritate
1178 4241 1307 4324 predicti
1330 4241 1476 4324 prepositi

170 4348 278 4403 sancte
292 4338 388 4402 llario
410 4346 440 4402 et
461 4359 592 4402 suorum
613 4389 646 4403 ..
670 4340 849 4418 officialium
873 4347 904 4402 et
920 4341 1063 4403 omnium
1080 4340 1269 4423 prelatorum
1292 4339 1475 4401 inferiorum

171 4437 230 4500 sub
261 4438 391 4500 domino
423 4487 460 4500 ..
493 4436 679 4519 Mogentino
707 4437 883 4499 seeundum
912 4447 1050 4502 tenorem
1082 4438 1237 4521 privilegii
1268 4437 1477 4518 exemptionis

172 4537 335 4599 memorati
356 4541 387 4598 et
408 4534 535 4620 prelatis
558 4535 746 4597 officialibus
767 4555 862 4618 super
878 4537 1039 4617 premissis
1051 4541 1237 4619 perpetuum
1254 4534 1415 4598 silentium
1429 4535 1477 4596 in·
