3525 5209
548 386 780 444 Urkundenbuch
798 388 848 443 der
866 388 949 444 Stadt
967 390 1072 447 Erfurt.
1111 388 1150 447 ll.
1163 386 1250 444 Tbeil.
1469 392 1505 446 83

193 542 357 621 peratores
383 543 415 601 et
435 556 539 621 reges,
562 539 797 622 predecessores
817 546 957 619 nostros,
979 562 1116 624 quorum
1138 545 1280 627 vestigiis
1301 546 1336 609 in
1355 546 1502 610 hoccasu

191 636 380 715 iubesimus
401 638 577 719 permissus
598 654 667 701 esse
688 644 821 702 testatur
843 644 873 703 et
895 640 1011 703 dicitur
1028 640 1195 705 institutus
1216 643 1420 725 adominica,
1440 664 1503 727 qua

187 740 338 797 cantatur
367 734 599 799 misericordias
639 734 784 816 Domini,
821 758 926 821 usque
959 739 999 801 ad
1031 740 1114 804 diem
1147 743 1342 806 ascensionis
1373 740 1503 807 Domini

189 834 336 915 proxime
368 832 593 917 subsequentis
619 834 776 899 inclusive
802 839 922 921 sumpti
948 845 1098 922 perpetuo
1115 840 1297 922 duraturas,
1330 846 1505 906 statuentes

189 938 222 995 et
234 933 356 1014 precise
374 932 530 1013 volentes,
558 939 593 997 ut
612 931 730 996 ibidem
749 934 891 1017 ipsarum
910 935 1128 1002 nundinarum
1151 944 1291 1023 tempore
1311 946 1376 1003 tam
1397 941 1503 1014 vicini,

193 1049 291 1111 quam
312 1032 425 1093 remoti
443 1032 503 1095 sub
526 1036 635 1097 nostro
657 1040 688 1097 et
710 1037 835 1119 imperii
857 1038 1017 1101 conductu
1048 1044 1079 1101 et
1103 1037 1203 1101 libera
1235 1039 1414 1117 securitate,
1434 1057 1505 1121 pro-

193 1133 321 1215 scriptis
343 1132 499 1196 duntaxat
510 1138 657 1218 exceptis,
679 1157 753 1201 cum
775 1141 843 1203 suis
864 1138 1079 1203 mercimoniis
1098 1155 1208 1199 secure
1228 1155 1285 1219 pro
1306 1135 1397 1198 dictis
1417 1154 1506 1199 exer·
1537 1130 1541 1137 ’

192 1230 304 1293 caudis
334 1231 488 1294 nundinis
515 1236 706 1299 conveniant
732 1236 771 1299 ad
799 1238 995 1315 communia,
1021 1238 1105 1300 sicut
1131 1236 1229 1297 moris
1257 1239 1317 1313 est,
1340 1233 1506 1296 commoda

191 1330 399 1413 procuranda.
442 1328 546 1404 Quare
568 1334 716 1417 singulos
732 1340 763 1398 et
779 1337 955 1414 universos,
976 1356 1058 1419 quos
1077 1332 1286 1417 gerendorum
1308 1332 1504 1415 negotiorum

191 1448 289 1506 usus,
322 1428 494 1492 utilitatum
528 1434 559 1492 et
590 1433 848 1497 commoditatum
876 1454 953 1497 cura
980 1432 1139 1508 sollicitat,
1165 1431 1359 1513 requirimus
1383 1434 1415 1493 et
1435 1429 1506 1492 hor-

189 1532 305 1605 tamur,
326 1530 480 1611 presentis
500 1530 605 1611 scripti
622 1532 812 1595 sanctieutes
831 1532 946 1605 edictu,
978 1537 1013 1594 ut
1034 1530 1168 1612 siugulis
1188 1538 1221 1593 et
1239 1530 1399 1593 universis
1419 1548 1507 1593 more

191 1627 403 1689 mercantium
435 1626 485 1689 vel
517 1628 586 1689 aliis
618 1628 721 1691 modis
749 1628 1004 1704 rationabilibus,
1038 1629 1220 1711 proscriptis
1246 1633 1352 1691 tamen
1381 1631 1418 1689 ut
1438 1645 1507 1710 pre·

191 1723 331 1786 mittitur
353 1724 500 1807 exceptis,
521 1724 560 1787 ad
582 1744 635 1788 eas
654 1726 866 1803 venientibus,
886 1726 1004 1791 ibidem
1020 1746 1141 1791 moram
1151 1725 1340 1789 facientibus
1352 1736 1383 1789 et
1393 1724 1508 1788 abinde

192 1821 353 1899 redituris,
374 1839 485 1884 secura
506 1828 610 1905 pateat
630 1826 832 1907 tranquilitas
854 1830 886 1889 at
906 1828 1078 1910 tranquilla
1089 1826 1242 1910 securitas
1253 1843 1308 1907 per
1321 1822 1465 1906 singulos
1476 1830 1507 1885 et

192 1920 371 1995 universos
392 1939 585 2005 quocunque
596 1930 786 1987 censeantur
803 1926 941 2004 nomine,
951 1926 1184 2008 promptissime
1194 1921 1371 2007 prebeatur,
1380 1927 1412 1984 et
1423 1922 1507 2004 quod

194 2019 229 2079 in
241 2020 386 2101 personis
397 2024 428 2082 et
443 2018 539 2083 rebus
551 2021 694 2104 undique
707 2028 874 2086 seruentur
884 2024 1082 2107 indempnes.
1093 2028 1124 2086 at
1135 2021 1244 2084 nullus
1254 2040 1308 2085 eos
1319 2038 1402 2084 ausu
1411 2027 1507 2083 teme·

191 2118 277 2178 rario
285 2122 448 2199 presumat
458 2117 614 2181 offendere
625 2119 675 2182 uel
687 2122 850 2185 occasione
862 2120 1003 2205 qualibet
1020 2120 1146 2203 aliquod
1158 2120 1234 2203 ipsis
1247 2117 1508 2202 impedimentum

191 2214 428 2292 inferre,douec
449 2214 488 2277 ed
509 2216 666 2299 prefatum
687 2218 793 2282 locum
816 2223 946 2283 veniant
960 2225 992 2283 et
1006 2218 1066 2282 sub
1080 2219 1222 2282 eiusdem
1233 2217 1333 2280 nostri
1343 2220 1376 2279 et
1385 2216 1508 2299 imperii

193 2312 385 2374 sinceritatis
407 2313 603 2395 indulgentia
614 2315 782 2381 salubriter
798 2318 836 2380 ad
853 2319 978 2401 propria
998 2322 1205 2379 revertantur.
1247 2312 1336 2378 Nulli
1351 2332 1425 2395 ergo
1441 2332 1509 2377 om-

194 2414 273 2476 niuo
292 2412 460 2477 hominum
481 2415 573 2478 liceat
593 2416 675 2479 huuc
696 2420 802 2477 nostre
824 2416 1044 2491 concessionis,
1065 2412 1241 2476 collationis
1258 2411 1509 2475 etinstitutiouis

191 2513 329 2593 gratiam
351 2511 601 2596 infringereve]
623 2515 651 2575 ei
672 2532 755 2576 ausu
776 2514 941 2576 temerario
956 2511 1191 2595 quomodolibet
1206 2511 1376 2589 contraire;
1397 2510 1509 2593 siquis

195 2616 302 2674 aulem
335 2611 394 2673 hoc
421 2616 606 2695 attemptare
624 2612 845 2694 presumserit,
876 2611 1126 2695 indignationem
1157 2614 1297 2672 nostram
1328 2626 1457 2691 gravem
1478 2613 1511 2671 et

195 2728 312 2792 penam
334 2716 462 2773 centum
484 2708 640 2772 librarum
662 2712 742 2789 auri,
765 2728 903 2793 quarum
923 2709 1122 2772 medietatem
1133 2706 1210 2771 fisco
1221 2710 1338 2784 nostro,
1352 2705 1509 2787 reliquam

195 2826 270 2869 vero
281 2813 402 2891 partem
413 2808 562 2869 iniuriam
580 2812 612 2870 et
623 2808 804 2871 violentiam
819 2808 921 2891 passis
937 2807 1084 2890 applicari
1097 2806 1255 2877 volumus,
1272 2806 1439 2867 senoverit
1460 2805 1509 2866 in-

193 2924 377 2968 cursurum.
431 2903 467 2967 Iu
490 2906 583 2968 cuius
603 2908 650 2968 rei
670 2906 887 2969 testimouium
910 2910 1071 2989 presentes
1091 2902 1249 2967 conscribi
1269 2902 1509 2984 maiestatisque

195 3008 303 3065 nostre
324 3003 427 3085 sigillo
449 3004 604 3067 iussimus
625 3004 826 3067 communiri.
868 3001 987 3065 Datum
1010 3001 1241 3065 l‘rancbenfurt
1268 3000 1301 3062 iu
1323 2998 1432 3080 vigilia
1454 3018 1509 3061 na-

194 3102 328 3164 tivitatis
355 3099 485 3164 Domini
514 3120 598 3164 auno
630 3102 798 3164 millesimo
824 3101 1045 3164 trecentesimo
1079 3101 1237 3163 tricesimo
1270 3098 1387 3182 primo,
1418 3098 1507 3178 regni

194 3200 295 3262 nostri
317 3198 439 3261 decimu
458 3204 578 3279 octavo,
598 3201 723 3283 imperii
744 3218 818 3263 vero
837 3206 960 3284 quarto.

197 3386 307 3467 1331.
333 3385 613 3469 Orlamiiude.
1422 3383 1510 3463 lor.

297 3508 462 3587 Heinrich,
487 3508 581 3591 Gruf
596 3530 655 3573 voa
670 3508 872 3587 Orlamiludc,
895 3510 1033 3587 bekannt,
1054 3509 1129 3573 dass
1148 3508 1263 3572 erden
1278 3507 1429 3582 Scbudm,
1451 3508 1512 3569 dea

300 3606 363 3669 ilum
383 3606 513 3688 Rudolf
529 3627 588 3671 oon
612 3606 715 3671 Auca
743 3608 800 3671 mil
828 3608 935 3671 selaeu
966 3606 1126 3673 Geuossen
1160 3627 1213 3671 am
1238 3606 1339 3685 Dorfe
1365 3603 1514 3685 Mende

295 3705 410 3783 aethan
430 3705 494 3781 bui,
515 3705 601 3768 umbi
620 3706 736 3769 ruram
756 3705 850 3771 welle.

351 3802 395 3859 Or.
415 3804 467 3857 mat
484 3806 564 3858 cerba.
584 3804 611 3859 S.
630 3806 668 3859 im
686 3806 749 3873 Kal.
768 3806 804 3861 St.
826 3807 860 3861 A.
878 3824 914 3861 zu
932 3806 972 3862 Μ

353 3875 541 3941 sarmada,
561 3876 577 3930 l.
596 3892 617 3933 c.
636 3875 733 3933 8147.

279 3980 346 4046 Nos
368 3980 549 4058 Heinricus,
561 3980 624 4045 Dei
636 3984 737 4065 gratia
748 4002 854 4045 comes
867 3982 906 4045 de
921 3980 1124 4061 Orlamunde,
1138 3981 1287 4045 dominus
1310 3980 1436 4061 ibidem,
1446 4000 1513 4045 om-

200 4078 298 4143 nibus
321 4080 399 4142 banc
421 4078 556 4142 litteram
578 4080 695 4143 visuris
716 4080 865 4143 volumus
888 4099 955 4143 esse
977 4086 1098 4158 uotum,
1115 4080 1199 4163 quod
1223 4099 1278 4163 pro
1301 4099 1398 4143 causa
1418 4085 1512 4163 etpe-

198 4177 308 4255 1iculo,
327 4176 780 4241 illatonostrisbomiuibusiu
804 4172 877 4240 villa
889 4176 1035 4261 Eugerde
1046 4175 1267 4256 residentibus,
1275 4174 1511 4261 perRudolfum

199 4276 239 4339 de
260 4275 365 4353 Alich,
386 4274 573 4337 advocatum
591 4276 623 4337 in
643 4272 1027 4359 Kocbeberg,Conrad11m
1045 4275 1084 4338 de
1097 4274 1297 4358 Ritterstorp,
1311 4272 1512 4337 'lbidericum

199 4374 238 4437 de
262 4372 416 4455 Engerde,
437 4370 637 4436 luodewicum
658 4372 856 4452 Heuweutal,
878 4373 1070 4437 cristianum
1083 4370 1313 4446 deRocbusen,
1332 4370 1511 4435 Jobauuem

200 4471 239 4533 de
260 4468 414 4549 Holbach,
433 4468 656 4559 Hermannum
675 4471 714 4534 de
735 4469 943 4549 Willersleve,
964 4470 1133 4534 Hiericum
1147 4468 1299 4546 Cinclreu,
1319 4468 1512 4549 Ricgardum

199 4566 429 4651 deIengevclt,
440 4568 662 4632 Hermaunum
679 4568 717 4631 de
728 4568 906 4648 Viselbecb,
921 4568 1109 4633 Heinricum
1120 4566 1275 4647 lbanlreu,
1298 4566 1469 4631 llartinum
1481 4576 1512 4630 et

1324 4678 1362 4734 ὅ*
