3525 5209
287 382 323 438 20
649 382 922 456 Gescbichuquellen
939 386 989 441 der
1007 386 1087 443 Prov.
1100 387 1230 447 Sacbeen.

290 534 319 597 S.
333 533 460 597 Martini
489 534 652 618 hospitalis
679 542 710 598 et
732 535 865 599 lacobus
893 536 923 601 S.
940 536 1099 602 Benedicti
1125 540 1328 603 ecclesiarum
1351 540 1591 605 Erlordeusium

288 639 422 695 rectores
447 633 697 712 considerantes,
731 634 815 716 quod
840 634 1047 699 Herrnannns
1076 637 1116 699 de
1144 636 1365 701 Grltensbusen
1390 640 1533 721 provisor
1557 642 1589 701 in

287 731 401 794 allodio
425 750 480 813 per
497 730 748 813 appellationem,
764 731 803 795 ab
819 734 888 815 ipso
902 739 935 796 et
947 739 1057 797 contra
1074 736 1178 817 ipsum
1194 754 1249 818 per
1263 754 1322 799 uos
1337 743 1369 798 et
1385 737 1591 819 quamplures

286 828 364 891 alios
384 848 424 891 ex
448 830 553 891 causis
576 830 668 891 iustis
685 836 716 891 et
731 829 971 893 rationabilibus
988 832 1214 915 interpositam,
1234 840 1359 916 reputat
1374 853 1409 896 se
1425 834 1592 911 offensum,

285 932 316 989 et
337 927 421 1008 quod
444 927 512 989 sine
532 926 626 1009 culpa
649 933 756 989 nostra
778 928 869 990 nobis
891 924 1010 991 malurn
1032 930 1148 993 infame
1177 932 1318 993 minatur
1345 938 1377 993 et
1397 931 1480 1014 apud
1503 933 1590 994 cives

285 1023 489 1087 Erfordeuses
502 1030 532 1087 et
543 1023 616 1087 alibi
630 1024 797 1087 adversum
815 1044 873 1088 nos
887 1032 919 1088 et
932 1028 965 1088 in
984 1027 1191 1109 preindicium
1211 1028 1363 1091 libertatis
1380 1029 1590 1092 ecclesiastice

285 1122 437 1206 quicquid
453 1130 554 1205 potest
574 1142 647 1185 curn
671 1122 773 1185 calore
793 1122 957 1186 iracundie
978 1125 1103 1188 ordinat
1122 1130 1153 1188 et
1173 1133 1328 1209 procurat,
1349 1126 1589 1209 gravaminibus

284 1222 400 1285 nosbis
438 1220 619 1303 frequenter
654 1219 839 1299 intendens,
873 1240 970 1305 super
998 1225 1161 1305 premissis
1191 1225 1289 1306 igitur
1318 1232 1350 1287 ct
1372 1225 1442 1287 aliis
1472 1225 1590 1289 futuris

286 1320 445 1403 periculis,
482 1324 546 1381 tam
580 1326 690 1381 contra
723 1320 828 1401 ipsum
863 1317 1099 1401 Hermanuum,
1140 1342 1235 1404 quarn
1269 1323 1348 1385 alios
1380 1342 1589 1406 quoscunque

284 1420 445 1501 cupientes
462 1420 494 1479 in
513 1424 667 1499 orientum
686 1416 779 1479 nobis
790 1425 838 1480 est
852 1416 1000 1499 possibile
1015 1420 1186 1501 prouidere,
1196 1420 1307 1499 taliter,
1325 1426 1361 1484 ut
1375 1420 1589 1503 subsequitur,

281 1519 363 1579 inter
407 1536 465 1579 nos
506 1523 628 1579 matura
665 1514 889 1578 deliberatione
930 1516 1090 1598 probabile
1122 1517 1277 1580 duximus
1320 1518 1589 1598 concordandum,

235 1622 238 1629 '
281 1615 441 1677 videlieet:
469 1614 599 1696 quodsi
619 1632 675 1696 per
697 1614 852 1696 prefatum
874 1612 1094 1677 Hermannunr
1123 1616 1173 1678 vel
1200 1634 1255 1699 per
1283 1616 1381 1679 alium
1412 1636 1588 1699 quemcun-

283 1736 345 1799 que
370 1721 479 1779 contra
507 1736 565 1779 nos
593 1716 642 1778 rel
670 1716 806 1797 aliquem
834 1734 874 1779 ex
904 1714 996 1779 nobis
1023 1719 1168 1799 pretextu
1198 1714 1335 1796 predicte
1371 1714 1588 1797 appellationis

281 1815 330 1878 rel
356 1834 396 1877 ex
418 1815 479 1877 alia
500 1832 691 1897 quacunque
711 1832 807 1875 causa
828 1813 979 1895 quicquid
1001 1814 1166 1895 contigerit
1184 1812 1375 1893 attemptari,
1400 1811 1447 1873 illi
1467 1818 1498 1873 et
1517 1814 1587 1874 eius

280 1930 388 1992 cause,
415 1912 587 1975 defensioni
615 1918 646 1973 et
673 1912 885 1994 prosecutioni
910 1916 1012 1973 astare
1037 1910 1190 1973 debemus
1218 1908 1368 1971 omnibus
1391 1910 1531 1971 consiliis
1557 1916 1589 1973 et

280 2012 423 2089 auxiliis,
452 2010 570 2093 quibus
596 2028 766 2093 possumus
788 2018 820 2074 et
841 2012 1001 2091 valemus,
1028 2018 1059 2075 et
1080 2012 1140 2075 sibi
1161 2011 1360 2073 contribuere
1382 2010 1534 2074 debemus
1557 2018 1589 2073 et

281 2110 429 2172 volumus
445 2106 619 2171 secundum
636 2107 765 2171 modurn
779 2108 1005 2192 subscriptum,
1022 2109 1175 2192 quamdiu
1191 2108 1329 2171 defensio
1341 2126 1397 2171 seu
1408 2109 1587 2194 prosecutio

279 2207 350 2269 talis
378 2206 483 2283 durat,
512 2210 543 2267 el
564 2205 705 2288 quolibet
732 2225 817 2269 anno
843 2207 926 2269 infra
946 2212 1016 2270 octo
1037 2208 1104 2269 dies
1125 2212 1198 2269 ante
1219 2206 1435 2269 ascensionem
1457 2204 1587 2269 Domini

278 2306 327 2367 rel
354 2304 436 2366 iufra
464 2309 532 2365 octo
562 2304 628 2365 dies
656 2312 726 2385 post
752 2324 809 2367 nos
829 2302 987 2367 Rudolfus
1007 2304 1147 2367 decanus
1169 2310 1201 2366 et
1221 2305 1366 2366 canonici
1387 2304 1517 2386 predicti
1536 2305 1585 2366 vel

277 2404 378 2465 maior
392 2422 464 2485 pars
479 2420 519 2463 ex
538 2400 629 2464 nobis
647 2422 742 2465 unam
763 2422 928 2485 personam
950 2422 989 2464 er
1007 2402 1150 2485 plebanis
1166 2402 1323 2485 predictis,
1339 2407 1370 2463 et
1385 2422 1445 2464 nos
1460 2402 1586 2485 plebani
1690 2406 1695 2413 ’

278 2500 406 2583 predicti
424 2499 475 2561 vel
492 2500 592 2561 maior
608 2519 679 2582 pars
700 2519 740 2561 ex
764 2500 855 2562 nobis
876 2520 1040 2583 personam
1067 2519 1164 2562 unam
1188 2518 1228 2561 ex
1250 2500 1411 2562 canonicis
1432 2499 1588 2582 predictis,

278 2616 402 2660 necnon
424 2617 482 2659 nos
503 2598 644 2660 decanus
665 2602 696 2660 et
717 2598 860 2660 canonici
884 2598 932 2660 vel
952 2600 1052 2660 maior
1072 2616 1144 2680 pars
1165 2616 1204 2659 er
1227 2595 1318 2659 nobis
1340 2617 1395 2680 pro
1417 2616 1481 2660 uno
1500 2616 1585 2659 anno

281 2715 376 2759 unam
406 2695 540 2757 mediam
568 2714 734 2777 personam
767 2714 808 2759 ex
835 2696 928 2757 dictis
951 2694 1105 2777 plebanis,
1136 2700 1167 2757 et
1187 2714 1245 2757 nos
1267 2694 1393 2777 plebani
1413 2695 1464 2757 vel
1485 2696 1586 2757 maior

278 2813 350 2877 pars
380 2812 420 2855 ex
448 2791 540 2855 nobis
569 2810 624 2875 pro
651 2792 711 2855 alio
736 2812 819 2855 anno
853 2812 1020 2876 personam
1052 2792 1188 2855 mediam
1223 2811 1263 2854 ex
1297 2792 1389 2855 dictis
1424 2794 1587 2856 canonicis

277 2891 446 2974 eligemus,
479 2910 542 2973 que
568 2895 631 2953 tres
658 2910 792 2974 persone
825 2890 977 2973 requisita
1011 2909 1030 2952 a
1065 2886 1251 2953 defendente
1284 2908 1340 2953 seu
1376 2896 1586 2973 prosequente

278 2990 378 3073 ipsius
395 2995 426 3052 et
443 3008 538 3052 cause
555 3008 612 3051 sue
628 2988 778 3071 qualitate
796 2990 936 3070 inspecta
957 2986 1124 3050 decernere
1144 2986 1260 3050 debent
1280 2992 1311 3050 et
1330 2994 1440 3050 taxare
1461 2989 1586 3070 quanti·

279 3094 372 3150 tatem
390 3086 632 3150 contributionis
649 3086 790 3149 faciende
806 3084 889 3147 infra
910 3104 1012 3147 unum
1035 3104 1176 3147 mensem
1199 3086 1388 3148 continuum
1404 3106 1423 3147 a
1438 3092 1585 3169 tempore,

279 3204 341 3265 quo
356 3185 426 3246 talis
443 3186 594 3267 inceperit
614 3182 778 3245 defendere
801 3182 848 3244 vel
871 3183 1019 3264 prosequi
1041 3202 1170 3245 causam
1188 3202 1289 3262 snam,
1312 3182 1430 3265 fietque
1448 3184 1586 3265 predicta

279 3282 470 3344 contributio
496 3282 535 3343 de
565 3280 740 3343 redditibus
767 3286 831 3343 tam
859 3279 1077 3362 spiritualibus
1104 3300 1199 3363 quam
1228 3279 1470 3364 temporalibus,
1505 3301 1586 3364 quos

279 3377 431 3441 babemus
452 3379 484 3439 in
508 3384 590 3441 terra
608 3378 791 3457 Tlruringle,
812 3376 988 3440 secundum
1007 3377 1137 3440 modum
1158 3388 1189 3441 et
1207 3384 1318 3441 texum
1340 3384 1525 3442 contentum
1550 3382 1583 3441 in

279 3476 398 3537 unione
412 3475 500 3537 ¹cleri
528 3474 677 3554 generali.
725 3470 826 3537 Debet
855 3477 949 3538 etiam
975 3476 1047 3538 talis
1072 3476 1104 3538 in
1137 3476 1364 3559 compositione
1401 3476 1587 3556 contentari,

280 3592 377 3655 quam
406 3572 543 3655 predicte
572 3579 634 3635 tres
659 3590 791 3655 persone
821 3573 966 3636 sufficere
993 3574 1104 3636 dicunt
1131 3572 1192 3636 sibi
1217 3574 1401 3656 aliquando,
1437 3594 1478 3637 ex
1507 3580 1585 3637 tunc

280 3690 342 3733 nou
360 3670 577 3733 contribuatur
592 3670 629 3749 ei,
645 3670 700 3732 sed
716 3688 755 3731 er
774 3678 849 3734 tnnc
870 3673 938 3735 suis
959 3674 1092 3755 propriis
1113 3670 1293 3753 sumptibus
1314 3670 1462 3753 litigabit,
1484 3672 1584 3754 ipsius

280 3776 385 3831 maren
412 3766 687 3850 appellationibus,
718 3788 798 3849 quas
824 3770 960 3852 predicte
982 3776 1044 3831 tres
1065 3788 1197 3852 persone
1217 3768 1284 3831 fore
1304 3768 1505 3831 rationabiles
1526 3788 1583 3832 seu

280 3864 456 3949 probabiles
471 3866 619 3945 dixerint,
640 3866 725 3948 quod
740 3866 823 3929 infra
841 3886 897 3930 sex
915 3866 990 3945 dies,
1004 3872 1172 3951 postquam
1190 3886 1287 3949 super
1302 3886 1339 3929 eo
1351 3866 1391 3929 ab
1408 3868 1584 3950 appellante

281 3965 430 4041 requisita
455 3963 586 4040 fuerint,
611 3964 711 4026 facere
741 3964 950 4043 tenebuntur,
982 3971 1084 4027 astare
1111 3970 1142 4026 et
1166 3964 1316 4028 adherere
1345 3964 1512 4045 debemus,
1552 3973 1585 4028 et

279 4064 472 4140 sentencias,
498 4064 526 4124 si
553 4080 614 4143 que
642 4064 674 4123 in
706 4082 898 4145 quacunque
923 4055 1018 4126 causa
1043 4081 1098 4144 pro
1124 4062 1177 4124 tali
1200 4062 1355 4142 ferentur,
1382 4063 1465 4125 sicut
1491 4062 1584 4125 nobis

281 4163 465 4225 mandatum
490 4171 521 4225 et
541 4164 721 4226 iniunctum
743 4162 850 4241 fuerit,
876 4160 1028 4223 debemus
1049 4165 1081 4223 et
1101 4160 1252 4222 volumus
1271 4162 1387 4244 exequi
1408 4160 1581 4242 diligenter.

283 4262 322 4324 llt
352 4262 378 4323 si
404 4263 486 4323 inter
511 4260 648 4343 aliquem
670 4280 710 4323 ex
731 4260 891 4322 canonicis
912 4266 943 4321 et
963 4259 1101 4341 aliquem
1122 4277 1163 4320 ex
1183 4258 1327 4340 plebanis
1349 4258 1497 4341 predictis
1519 4258 1582 4321 dis·

280 4360 417 4422 cordiam
447 4360 586 4442 aliquam
615 4360 787 4440 contigeret
805 4355 956 4435 suboriri,
978 4356 1095 4438 prel'ate
1114 4361 1178 4417 tres
1198 4374 1331 4438 persone
1350 4356 1444 4419 talem
1466 4356 1582 4419 discor·

280 4459 365 4521 diam
383 4459 512 4521 sedandi
531 4456 645 4519 babere
667 4456 781 4519 debent
799 4454 930 4516 liberam
951 4458 1145 4536 potestatem,
1166 4472 1224 4516 nec
1245 4453 1360 4517 debent
1381 4454 1463 4516 ultra
1482 4474 1581 4517 unam

281 4557 475 4641 quindenam
496 4556 673 4637 aliqualiter
693 4554 752 4615 boc
773 4552 912 4631 differre3
938 4558 970 4614 et
990 4552 1126 4635 predicte
1146 4570 1296 4634 persone,
1317 4554 1464 4635 quotiens
1484 4550 1581 4615 electe
