3525 5209
751 401 904 472 Nachtrag.
1429 404 1479 459 831

250 554 290 618 In
315 556 446 618 nomine
474 551 606 616 Domini
625 572 728 618 amen.
768 551 835 617 Nos
860 552 957 616 frater
976 549 1138 615 Henricus
1159 550 1197 614 de
1219 549 1368 634 Gutteru,
1395 555 1481 637 prior

172 651 305 718 fratrum
340 652 592 730 Heremitarum,
632 656 664 714 et
705 655 882 715 conventus
924 649 1065 716 eiusdem
1112 647 1316 734 professionis
1361 650 1481 714 ordinis

174 771 197 815 s.
208 751 384 834 Augustini
413 752 447 813 in
475 747 623 813 Erfordia
650 752 908 832 recognoscimus
935 754 966 812 et
993 755 1101 812 tenore
1131 749 1332 831 presencium
1357 748 1481 832 publice

173 853 395 934 protestamur,
416 848 500 932 quod
521 867 628 927 causa,
651 867 714 932 que
734 849 818 913 inter
836 847 1003 930 religiosos
1024 848 1109 911 viros
1131 847 1357 930 provincialem
1368 848 1483 912 domus

140 984 143 990 ·
171 967 196 1011 s.
209 945 308 1010 llario
334 945 606 1010 theutonicorum
632 965 689 1030 per
715 945 923 1029 Thuringiam
945 951 975 1008 et
1012 963 1069 1008 sue
1090 943 1294 1028 professionis
1313 943 1427 1010 fratres
1447 949 1482 1009 in

170 1044 316 1109 Erfurdia
346 1065 386 1110 ex
418 1049 506 1128 parte
535 1064 601 1108 una
632 1051 663 1109 et
691 1064 750 1108 nos
777 1051 809 1108 et
832 1049 979 1108 nostrum
1005 1042 1180 1127 capitulum
1209 1060 1248 1106 ex
1274 1047 1362 1126 parte
1385 1043 1483 1108 altera

173 1143 357 1207 vertebatur
390 1163 446 1226 pro
480 1144 616 1226 quadam
662 1143 802 1226 cappella
831 1144 864 1205 in
896 1142 1013 1205 honore
1052 1161 1074 1204 s.
1097 1142 1192 1204 Anne
1222 1141 1380 1222 dedicata,
1420 1161 1483 1224 que

176 1231 333 1326 siquidem
365 1240 506 1325 cappella
537 1260 610 1303 cum
638 1242 805 1320 cimiterio,
834 1242 869 1304 in
903 1259 967 1324 quo
989 1241 1049 1303 sita
1070 1239 1189 1312 luerat,
1223 1239 1262 1302 ad
1284 1241 1481 1324 parrochiam

173 1339 331 1403 sNicolai
372 1339 509 1423 pertinet
541 1346 571 1402 et
605 1340 758 1421 pertinuit
782 1338 821 1401 ab
848 1341 998 1421 antique,
1032 1357 1128 1421 quam
1161 1339 1279 1422 quippe
1308 1339 1482 1423 cappellam

174 1457 233 1500 nos
264 1444 295 1501 et
332 1439 432 1501 nostri
464 1437 576 1500 fratres
615 1437 833 1500 destruximus
867 1437 1091 1516 dissolventes,
1133 1455 1170 1500 ea
1201 1456 1358 1501 consensu
1385 1439 1483 1521 partis

90 1544 94 1549 ’
173 1536 342 1618 utriusque
365 1536 528 1618 conposita
553 1539 601 1598 est
622 1535 790 1598 concordia
810 1534 967 1599 amicabili
988 1536 1128 1598 inbono
1151 1535 1296 1615 modum,
1318 1537 1401 1619 quod
1424 1556 1483 1600 nos

171 1635 370 1697 restituimus
399 1653 456 1715 pro
482 1631 632 1696 firmitate
659 1633 826 1696 concordie
847 1634 1010 1716 parrochie
1031 1653 1054 1696 s.
1067 1632 1202 1715 Nycolai
1225 1633 1363 1716 predicte
1384 1654 1482 1698 unam

171 1752 377 1815 campanam,
405 1751 507 1795 unum
531 1730 649 1794 librum
673 1731 834 1794 missalem
857 1737 888 1795 et
913 1738 1154 1816 preparamenta
1176 1732 1395 1812 sacerdotalia,
1422 1752 1484 1816 que

173 1830 212 1892 ud
239 1831 356 1893 dictam
382 1829 555 1912 cappellam
583 1831 650 1894 sive
678 1830 844 1894 ecclesiam
866 1829 1082 1913 pertinebaut3
1105 1836 1135 1892 et
1156 1849 1212 1912 pro
1233 1829 1484 1894 habundanciori

171 1928 371 1991 firmamento
409 1928 576 1991 concordie
609 1929 793 2012 inpeticioni
826 1947 882 2012 pro
918 1928 1029 2010 lignis,
1069 1927 1228 2012 lapidibus
1260 1933 1291 1992 et
1321 1927 1485 2007 lateribus,

175 2046 255 2110 quas
286 2027 325 2090 de
358 2027 441 2090 dicta
474 2027 614 2110 cappella
643 2027 837 2111 accepimus,
868 2027 972 2090 dictus
1006 2025 1210 2110 provincialis
1242 2031 1273 2089 et
1298 2027 1409 2090 fratres
1434 2029 1485 2090 sui

173 2127 300 2208 penitus
332 2130 489 2207 quantum
524 2127 558 2187 in
596 2127 642 2189 eis
674 2127 898 2205 renuncciant,
935 2131 1030 2208 prout
1063 2127 1097 2187 in
1126 2125 1238 2187 litteris
1269 2143 1379 2188 eorum
1412 2124 1486 2187 inde

174 2224 325 2286 confectis
358 2222 485 2304 plenius
513 2224 703 2288 continetur.
749 2225 937 2287 Annnimus
966 2223 1065 2286 eciam
1096 2223 1258 2285 voluntate
1288 2224 1434 2285 unanimi
1455 2229 1486 2286 et

175 2340 347 2400 consensu,
387 2325 422 2384 ut
447 2319 561 2383 fratres
593 2321 714 2385 ordinis
739 2322 854 2384 domus
882 2321 1080 2384 Theutunice
1107 2321 1284 2384 sacerdotes
1312 2321 1484 2404 supradicti

176 2421 298 2502 possint
324 2421 356 2481 in
378 2418 665 2502 sollempnitatibus
695 2420 745 2482 sui
775 2420 896 2483 ordinis
916 2425 947 2482 et
968 2419 1098 2483 ecclesie
1118 2417 1274 2483 sNicolai
1295 2419 1432 2502 predicte
1452 2419 1484 2480 in

174 2518 328 2580 cimiterio
358 2521 507 2598 sAnne,
535 2519 568 2579 in
595 2537 658 2600 quo
686 2517 769 2580 dicta
798 2517 938 2601 cappella
959 2519 1019 2581 sita
1040 2518 1156 2590 fuerat,
1183 2517 1344 2600 predicare
1366 2516 1486 2599 absque
1552 2529 1553 2532 ’

175 2614 392 2700 inpedimento
421 2615 564 2698 quolibet
590 2615 723 2680 verbum
745 2613 812 2678 Dei.
854 2615 1075 2679 Promittimus
1101 2617 1234 2699 insuper
1263 2635 1320 2699 pro
1342 2614 1435 2678 nobis
1457 2621 1487 2679 et

175 2715 292 2776 nostris
340 2714 578 2777 successoribus
626 2713 833 2797 stipulacione
874 2714 1002 2798 publica
1042 2713 1125 2777 bona
1153 2714 1215 2778 lide
1247 2714 1424 2776 amiciciam
1455 2719 1486 2776 ct

177 2816 372 2894 prenotatam
414 2813 615 2875 concordiam
651 2812 830 2875 alternatim
865 2811 1123 2894 irrefragabiliter
1157 2814 1332 2874 observare.
1381 2809 1488 2874 Huius

175 2909 221 2971 rei
241 2914 272 2972 et
292 2910 458 2972 concordie
479 2914 575 2974 testes
596 2914 691 2973 sunt:
721 2907 881 2972 Dominus
903 2909 1061 2993 Syffridus
1089 2911 1267 2994 prepositus
1287 2911 1321 2972 in
1343 2909 1489 3000 Schillen,

116 3061 121 3072 .
176 3007 326 3071 dominus
344 3007 512 3072 Bertoldus
533 3009 619 3091 prior
639 3009 672 3070 in
686 3007 791 3072 Plawe
808 3014 839 3071 et
855 3008 1005 3072 dominus
1020 3007 1237 3090 Meynhardus
1250 3008 1488 3071 commendator

175 3107 209 3167 in
240 3105 326 3188 Dgra
359 3106 471 3170 fratres
508 3107 573 3169 ord.
603 3105 724 3186 Theut,
759 3106 854 3170 frater
880 3105 1043 3171 Henrieus
1073 3107 1114 3170 de
1134 3104 1383 3188 Herversleybin
1404 3107 1489 3189 prior

179 3208 210 3265 et
238 3203 334 3266 frater
361 3203 524 3268 Conradus
550 3203 589 3268 de
616 3203 819 3286 Wyssenfeld
845 3205 960 3268 domus
990 3207 1024 3269 in
1053 3204 1154 3268 Gotha
1180 3205 1244 3266 ord.
1264 3225 1287 3267 s.
1305 3205 1490 3286 Augustini,

177 3319 259 3382 mag.
271 3299 455 3365 Gotscalcus
475 3302 600 3366 Parvus
622 3303 795 3366 canonicus
817 3302 890 3367 eccl.
920 3323 944 3366 s.
954 3303 1064 3368 Severi
1083 3301 1298 3383 Driordensis,
1326 3301 1489 3366 Gerraicus

179 3396 218 3460 de
260 3397 439 3462 Mollestorf
474 3405 507 3463 et
547 3421 575 3484 q.
590 3399 629 3482 pl.
645 3399 742 3463 a.f.d.
795 3400 832 3463 In
876 3402 974 3466 huius
1015 3401 1181 3464 concordie
1222 3399 1489 3463 habundaciorem

178 3497 402 3560 certitudinem
428 3504 459 3561 et
479 3499 661 3561 firmitatem
686 3504 864 3580 presentem
890 3500 1025 3563 litteram
1053 3499 1156 3580 sigillo
1185 3503 1292 3562 nostro
1319 3519 1385 3563 una
1414 3519 1488 3562 cum

179 3594 281 3673 sigillo
314 3597 518 3678 provincialis
548 3598 612 3659 ord.
633 3595 902 3660 Theutunicorum
940 3599 1089 3661 antedicti
1124 3596 1269 3660 dedimus
1298 3596 1488 3660 roboratam.

179 3691 322 3756 Driordie
343 3713 427 3756 anno
448 3691 579 3757 Domini
601 3694 647 3757 Mo
669 3695 886 3758 ducentesimo
910 3698 1114 3778 nonagesimo
1135 3698 1231 3759 tercio
1252 3695 1362 3759 Nonas
1384 3695 1467 3758 Iulii.

258 3789 350 3852 Nocla
371 3791 470 3853 einen
489 3791 800 3872 Transsumpt1333
814 3793 878 3856 111.
900 3792 1078 3871 1118111111.
1100 3792 1194 3872 (Sept-
1216 3796 1272 3872 10)
1291 3813 1317 3855 u.
1330 3791 1491 3856 Heracleas

179 3888 217 3949 de
245 3889 421 3953 lls'eba'rstete
438 3889 580 3952 demnas
604 3891 671 3955 eccl.
692 3911 716 3956 s.
729 3890 834 3954 Seueri
854 3891 1067 3970 Drlordeusis.

184 4022 298 4104 1293.
326 4023 516 4106 Oktober
542 4027 605 4107 18.
633 4026 798 4110 Driurt.
1427 4027 1488 4109 15.

280 4141 345 4204 Aba
373 4142 528 4207 Heinrich
555 4164 618 4207 von
657 4144 802 4208 Hersleld
836 4141 991 4206 aiberldsst
1016 4143 1084 4206 clera
1112 4143 1277 4206 deutschen
1306 4145 1421 4208 Ilause
1447 4164 1489 4209 au

284 4238 458 4320 Griefstedl
478 4242 548 4304 eine
567 4241 666 4323 Haase.
717 4240 812 4306 Dnter
832 4241 893 4304 den
917 4241 1352 4324 Zecpchh.deWi1naria
1376 4245 1490 4328 hospes

282 4345 402 4419 noster,
423 4341 502 4404 ciris
522 4341 730 4404 Driordensis

263 4435 383 4500 Datum
404 4437 549 4503 Erlordie
567 4458 652 4502 anno
674 4436 805 4501 Domini
826 4437 867 4502 Μ.
879 4439 937 4503 CC.
949 4439 1066 4504 XCIII.
1079 4439 1150 4505 XV.
1171 4439 1449 4505 KahNorembris.

339 4535 428 4605 Wyoa,
452 4537 510 4596 ΗΒ,
530 4537 578 4591 der
597 4537 892 4591 Deutscborrleasballci
910 4537 1046 4592 flessenl.
1073 4537 1195 4597 Narro.
1223 4537 1487 4606 (Here.UB.1iabl.

382 4608 430 4661 des
447 4607 652 4665 1111411811.
674 4607 727 4660 Βά.
738 4608 812 4676 ΙΙΙ.)
