3525 5209
498 392 725 447 Urkundenbuoh
743 392 792 447 der
810 392 895 448 Stcdt
911 391 1017 447 Eliurt.
1053 392 1093 448 II.
1107 390 1193 448 Theil.
1463 392 1498 447 65

189 546 378 608 auctoritate
407 545 576 628 apostolica
607 544 786 626 supradicta
816 544 1024 608 universis..
1055 542 1240 622 comitibus,
1265 591 1294 605 ..
1317 540 1499 622 baronibus,

190 691 218 707 ..
252 642 414 705 nobilibus
440 648 471 705 et
491 644 633 725 personis
654 642 723 706 aliis
756 641 1016 724 quibuscunque,
1048 646 1085 703 ut
1114 642 1238 703 fructus
1265 646 1296 703 et
1326 646 1498 723 proventus

190 740 418 803 beneficiorum
441 740 741 815 ceclesiasticorum,
770 756 832 821 que
861 736 1078 801 inobedientes
1105 746 1136 802 et
1157 738 1288 802 rebelles
1314 738 1502 801 huiusmodi-

190 846 299 900 tenere
321 844 506 915 noscuntur,
527 838 712 900 auctoritate
734 841 848 916 nostra,
868 836 968 898 immo
980 836 1276 919 veriusapostolica,
1292 837 1452 919 recipiant,
1467 843 1499 899 et

190 956 227 999 se
247 937 285 999 de
302 936 366 999 illis
384 954 458 998 oum
474 934 669 999 confidencia
685 980 852 997 .........
860 944 872 973 ⁰
892 936 926 996 in
945 954 1023 997 usus
1037 935 1166 1014 debitos,
1187 937 1271 997 sicut
1289 935 1497 1012 decrevimus,

190 1034 414 1097 convertendis
436 1042 467 1097 et
488 1033 522 1096 in
544 1033 715 1115 premissis.
744 1030 890 1095 Ceterum
912 1033 1012 1094 sancti
1028 1031 1136 1095 Severi
1150 1032 1364 1109 hlrlordensis,
1386 1030 1497 1095 Dorla·

192 1132 317 1209 nensis,
340 1130 666 1215 Heylingestadensis,
686 1130 914 1193 Northusensis
939 1135 971 1193 et
992 1128 1221 1193 Fritzlarieusis
1242 1129 1443 1193 ecclesiarum
1467 1178 1499 1195 ..

191 1230 330 1292 decanos
353 1236 385 1292 et
410 1230 573 1292 inferiores
603 1228 739 1311 prelatos
765 1236 797 1290 et
816 1230 998 1304 canonicos
1022 1246 1147 1289 necnon
1173 1228 1307 1290 vicarios
1328 1228 1499 1290 earundem

192 1327 416 1401 ecclesiarum,
437 1344 474 1388 ac
493 1327 591 1389 eciam
615 1326 749 1408 prelatos
761 1325 928 1409 quoslibet,
948 1325 1107 1408 plebanos,
1128 1325 1347 1408 viceplebenos
1368 1332 1501 1388 ceteros

194 1444 259 1507 que
278 1424 409 1487 clericos
431 1423 633 1486 ecclesiarum
657 1424 866 1506 predictarum
889 1428 921 1487 et
938 1425 1208 1506 preposituramm
1225 1423 1410 1502 eorundem,
1433 1442 1501 1506 pre·

192 1522 276 1585 dicto
309 1522 438 1585 domino
467 1520 617 1584 Heinrico
649 1522 882 1604 archiepiscopo
910 1519 1096 1603 ldoguntino
1127 1520 1343 1584 inobedientes
1372 1528 1402 1583 et
1433 1522 1501 1583 suis

193 1619 384 1683 officialibus
405 1625 437 1683 ct
455 1620 609 1682 ministris
628 1619 827 1682 otmundatis
843 1624 874 1683 et
891 1618 1125 1682 monicionibus
1140 1621 1268 1699 nostris,
1280 1621 1378 1681 immo
1394 1620 1502 1682 verius

193 1716 387 1801 apostolicis,
420 1718 452 1781 in
484 1736 580 1781 musa
610 1718 800 1800 provisionis
831 1718 969 1800 predicte
999 1718 1142 1795 emissis,
1171 1716 1338 1780 manifeste
1369 1716 1500 1780 rebelles

193 1815 487 1879 excommunicatos
516 1834 572 1901 per
601 1816 775 1899 predictum
812 1815 977 1878 dominum
1009 1835 1121 1899 papam
1161 1816 1193 1878 in
1225 1816 1293 1878 suis
1324 1814 1503 1898 apostolicis

193 1914 316 1991 littoris,
332 1920 442 1976 contra
457 1911 673 1976 inobedientes
689 1918 720 1975 et
730 1911 861 1975 rebelles
882 1911 1065 1975 huiusmodi
1082 1912 1299 1997 promulgatis
1320 1913 1403 1975 sicut
1423 1913 1502 1975 alios

193 2012 518 2075 excommunicationi
557 2009 713 2093 predictos
752 2028 918 2093 expressos
959 2011 992 2072 in
1032 2010 1144 2073 litteris
1190 2008 1256 2073 fore
1304 2010 1502 2074 decrevimus

193 2109 360 2173 subiacere
379 2116 411 2172 et
432 2108 485 2171 illa
501 2110 586 2191 ipsos
606 2108 673 2171 fore
694 2107 805 2189 ligatos
826 2112 857 2171 et
877 2114 1041 2190 tamquam
1062 2109 1354 2171 excommunicatos
1374 2126 1444 2171 esse
1462 2106 1501 2170 ab

193 2206 346 2271 omnibus
367 2207 471 2269 arcius
499 2204 662 2269 evitandos
691 2206 775 2269 etin
802 2224 913 2269 eorum
934 2213 965 2269 et
985 2205 1154 2269 cuiuslibet
1175 2207 1317 2289 ipsorum
1339 2207 1503 2289 presencia

193 2312 227 2369 et
249 2310 321 2387 post
340 2322 500 2369 recessum
522 2322 632 2367 eorum
655 2322 710 2387 per
738 2310 802 2368 tres
832 2304 900 2368 dies
922 2305 1040 2367 servari
1060 2304 1251 2367 mandamus
1271 2303 1501 2384 districtissime

194 2404 443 2465 ecclesiasticum
465 2402 677 2481 interdictum,
699 2401 783 2485 quod
805 2403 838 2464 in
859 2402 938 2465 locis
959 2402 1020 2465 illis
1043 2402 1190 2485 ponimus
1210 2420 1266 2485 per
1282 2406 1450 2483 presentes
1471 2408 1503 2464 et

194 2502 230 2563 in
252 2501 415 2584 premissis
441 2498 637 2582 exequendis
666 2500 775 2562 nullus
807 2500 906 2563 elium
926 2500 1072 2583 respiciat
1102 2499 1153 2563 vel
1181 2506 1331 2581 expectet
1381 2497 1500 2563 Datum

195 2618 282 2661 auno
304 2596 433 2661 Domini
456 2594 740 2677 M⁰COC⁰XXIX⁰.,
760 2596 847 2660 VII0.
859 2596 928 2660 Kal.
942 2596 1093 2660 Octobris.
1115 2596 1208 2679 (Sept
1218 2597 1278 2673 25.)

279 2696 330 2759 llx
351 2695 470 2779 quibus
491 2696 620 2777 inquam
640 2696 805 2774 mandatis,
821 2695 946 2775 litteris,
966 2694 1287 2774 comminacionibus,
1309 2694 1410 2776 penis,
1432 2714 1504 2759 sen-

194 2796 368 2859 tentiarum
382 2792 675 2873 fulminncionibus,
696 2793 723 2856 si
740 2794 785 2857 sio
801 2792 862 2855 dici
873 2799 1011 2876 possent,
1034 2799 1066 2855 et
1075 2792 1275 2875 processibus
1284 2811 1342 2875 ego
1353 2790 1503 2857 Nicolaus

195 2895 236 2956 de
251 2891 443 2973 Jecbeburg,
463 2896 645 2975 procurator
667 2892 868 2954 dominorum
891 2910 1034 2953 meorum
1053 2890 1264 2972 predictorum
1287 2938 1319 2951 ..
1341 2890 1504 2970 magistro·

195 3012 285 3069 rurn,
307 3038 334 3053 ..
357 2990 526 3053 consulum
555 2995 587 3052 et
616 2989 830 3052 universitatis
852 2987 1061 3051 Erffordensis
1088 3006 1125 3049 ec
1160 2986 1370 3069 singularium
1399 3006 1504 3069 perso·

197 3108 312 3151 narum
334 3088 373 3151 de
393 3090 461 3171 ipsa
482 3088 687 3151 universitate
709 3089 868 3166 senciens,
896 3088 981 3170 ipsos
1011 3085 1156 3148 dominos
1184 3104 1272 3147 meos
1297 3084 1454 3167 predictos
1474 3094 1505 3151 et

197 3207 248 3251 me
269 3186 409 3250 indebite
431 3192 460 3249 et
481 3191 591 3250 contra
619 3186 775 3249 iusticiam
798 3190 1001 3269 aggravatos,
1027 3182 1132 3245 denuo
1152 3181 1260 3244 crebro
1283 3188 1314 3245 et
1334 3201 1375 3244 ex
1398 3184 1505 3247 animo

196 3284 449 3369 presnrnpcionis
460 3303 573 3366 magne
591 3305 645 3367 pro
661 3285 739 3368 ipsis
757 3290 788 3347 et
797 3304 856 3367 pro
873 3303 925 3347 me
942 3302 980 3345 oc
994 3284 1040 3346 eis
1061 3279 1286 3343 adherentibus
1305 3286 1337 3343 et
1356 3280 1505 3345 adherere

201 3381 381 3446 volentibus
408 3382 447 3445 ad
472 3383 604 3445 eandem
633 3384 737 3445 sedem
767 3382 968 3465 apostolicam
995 3382 1106 3443 iterato
1137 3380 1170 3441 in
1199 3377 1263 3442 hiis
1289 3379 1415 3462 scriptis
1435 3400 1505 3463 pro-

200 3500 279 3543 voco
310 3485 341 3542 et
372 3480 507 3564 appello,
544 3480 704 3543 subiciens
735 3498 788 3543 eos
819 3485 850 3542 et
871 3498 922 3543 me
947 3496 985 3540 oc
1011 3478 1057 3541 eis
1083 3475 1268 3539 adherentes
1297 3484 1329 3539 et
1356 3477 1505 3541 adherere

199 3578 341 3641 volentes
355 3598 392 3640 ec
406 3584 532 3657 statum,
552 3597 710 3659 personas,
730 3579 802 3641 iura
823 3581 855 3639 et
874 3596 925 3639 res
945 3578 1088 3659 ipsorum
1108 3575 1236 3660 speciali
1258 3567 1343 3639 sedis
1362 3576 1504 3640 eiusdem

198 3677 397 3758 protectioni,
417 3681 448 3739 et
468 3677 662 3760 appellantes
688 3694 762 3739 cum
790 3674 894 3738 debita
920 3676 1076 3737 instancia
1102 3676 1213 3756 primo,
1236 3674 1385 3753 secundo,
1408 3676 1505 3737 tercio

198 3773 333 3857 postulo,
354 3776 380 3837 si
403 3776 475 3856 quis
497 3776 551 3852 sit,
572 3775 627 3857 qui
648 3792 702 3839 eos
723 3773 796 3836 dare
817 3773 893 3835 velit
913 3779 944 3835 et
963 3773 1072 3856 possit,
1092 3778 1124 3835 et
1144 3777 1306 3854 protestor,
1327 3771 1412 3854 quod
1424 3772 1505 3834 hanc

196 3872 454 3954 appellationem,
478 3892 574 3955 quam
597 3890 684 3935 nunc
703 3891 809 3934 coram
826 3870 917 3933 vobis
938 3869 1073 3953 publicis
1093 3872 1225 3933 notariis
1246 3876 1278 3933 et
1298 3870 1505 3952 infrascriptis

198 3968 348 4045 testibus,
369 3969 409 4031 ad
430 3970 487 4033 heo
509 3969 627 4033 vocatis
653 3968 828 4052 specialiter
848 3974 879 4031 et
900 3970 1031 4050 rogatis,
1062 3969 1228 4049 interpono
1259 3986 1365 4029 coram
1394 3987 1504 4050 supra-

198 4066 282 4131 dicto
322 4067 451 4131 domino
482 4119 521 4133 ..
562 4069 716 4151 preposito
758 4066 927 4131 Bonnensi
968 4071 1024 4129 aut
1067 4067 1135 4128 suis
1182 4065 1405 4129 executoribus
1447 4086 1504 4129 seu

198 4165 470 4247 procuratoribus,
520 4172 614 4249 prout
656 4172 687 4229 et
729 4164 784 4228 ubi
829 4183 1007 4247 congruum
1051 4163 1161 4239 fuerit,
1209 4162 1385 4242 innovabo,
1430 4184 1505 4227 cum

198 4264 338 4345 primum
360 4263 392 4325 id
409 4262 477 4327 fieri
498 4266 611 4347 poterit
631 4268 785 4347 oportune
815 4268 862 4341 et,
888 4283 961 4325 cnm
991 4261 1031 4323 ad
1057 4279 1187 4343 presens
1214 4262 1335 4342 copiam
1363 4262 1504 4325 eiusdem

198 4360 319 4423 domini
342 4410 368 4425 ..
389 4364 537 4445 prepositi
550 4409 575 4426 ..
591 4370 796 4424 executornm
815 4380 871 4423 seu
891 4366 1128 4443 procuratorum
1146 4377 1278 4420 suorum
1294 4358 1506 4440 predictorum

198 4460 320 4541 copiam
343 4459 457 4523 habere
479 4479 644 4544 nequeam,
665 4465 820 4543 protestor
841 4461 909 4521 vice
930 4466 960 4521 ct
981 4460 1110 4521 nomine
1131 4458 1343 4539 predictorum
1363 4459 1505 4520 domino-

200 4576 272 4619 rum
294 4576 452 4637 meorum,
479 4560 695 4623 universitatis
716 4564 747 4622 et
768 4560 852 4642 opidi
874 4557 1076 4622 Erfordensis
1103 4557 1206 4619 accis
1227 4555 1375 4618 adherere
1397 4555 1506 4617 volen-

251 4662 398 4716 omnum.
408 4667 431 4708 s.
441 4667 477 4706 rr.
489 4666 512 4707 s.
528 4668 605 4707 suun
615 4670 635 4709 a
652 4666 728 4709 xxrv.
1287 4669 1304 4720 5
