3525 5209
245 416 281 469 70
600 412 873 484 Geschichtsquellen
892 412 942 467 der
961 412 1041 467 Prov.
1061 395 1192 469 Sachaen.

247 565 338 629 nobis
370 586 406 628 ac
434 567 567 648 imperio
594 564 697 627 debita
722 564 839 627 eisdem
869 566 1030 645 imponere
1061 562 1197 625 calluerit
1222 582 1258 624 ac
1287 558 1326 623 ab
1352 561 1398 625 eis
1419 562 1556 643 exigere,

246 670 340 745 prout
359 669 461 746 potest
481 682 520 726 ea
543 664 745 725 concessione
773 668 880 725 nostra
906 661 1058 744 predicta,
1085 661 1202 723 directe
1231 679 1288 722 nec
1315 660 1467 721 indirecte
1493 657 1554 721 sub

247 780 328 845 pena
348 766 486 844 pretacta
506 760 712 843 impedientes
732 759 819 822 nullo
843 760 944 837 modo,
966 760 1063 821 immo
1088 760 1197 841 pocius
1218 758 1256 820 ad
1276 758 1447 840 prescripta
1464 756 1555 838 plena

246 858 504 941 consequendum
528 857 629 920 eidem
658 860 803 940 pmstetis
828 856 1005 933 consilium,
1026 857 1182 918 armiliam
1204 862 1236 918 et
1253 856 1402 917 favorem.
1434 852 1550 916 Datum

249 958 281 1019 in
297 956 427 1019 Monaco
448 957 526 1019 feria
540 957 652 1038 quinta
673 954 836 1038 pustdiem
854 954 959 1032 Pasce,
978 954 1065 1036 regni
1088 954 1185 1016 nostri
1208 972 1292 1015 anno
1313 956 1404 1015 sexto
1426 951 1556 1030 decimo,

246 1056 369 1137 imperii
392 1072 465 1117 vem
487 1052 592 1119 tercio.

248 1310 365 1395 raso.
395 1309 520 1411 apra
548 1308 614 1389 aa.
1495 1304 1553 1385 aa.

349 1465 448 1543 Papst
466 1462 596 1526 Jobuuu
606 1459 721 1523 XXII.
742 1460 914 1539 pronidiert
929 1459 1034 1533 Jacob,
1056 1458 1139 1522 &baa
1159 1459 1213 1520 des
1233 1459 1443 1523 verstorbcnai
1461 1458 1555 1521 Bert-

347 1560 418 1623 lmld
439 1580 497 1623 von
521 1559 619 1635 (llum,
641 1558 696 1620 cler
716 1577 779 1619 cus
798 1556 866 1619 deut
889 1556 995 1620 Basilia
1013 1556 1068 1618 der
1091 1554 1207 1637 Pfurrc
1227 1555 1257 1619 S.
1275 1555 1372 1618 Potiti
1392 1556 1428 1618 iu
1439 1555 1556 1634 Eusori

348 1658 448 1721 darcb
478 1658 537 1720 dett
559 1654 747 1736 Erabt'scbof
768 1676 827 1717 voa
852 1652 942 1717 Tricr
962 1654 1031 1717 aad
1055 1654 1115 1717 dus
1136 1652 1286 1718 Muiriacr
1307 1652 1439 1733 Kapitcb
1461 1654 1555 1716 sebon

349 1756 440 1837 lotape
458 1756 626 1819 vertmcbcn
647 1754 701 1829 ist,
724 1752 901 1825 cetininam
921 1752 1109 1815 Kataonilmi
1136 1753 1172 1815 in
1193 1750 1392 1831 Mercedem,
1422 1750 1556 1830 obplet'cb

349 1876 382 1918 er
412 1852 505 1917 scbou
536 1852 593 1916 mil
622 1852 762 1915 anderen
783 1850 1012 1914 Kanonibatcn
1042 1850 1110 1913 arad
1141 1850 1240 1913 cirtem
1261 1848 1458 1929 Beneficium
1489 1868 1555 1911 vcr-

346 1952 439 2016 scbca
460 1952 508 2015 isc.

398 2086 527 2152 namur,
546 2085 648 2153 rapsa
668 2084 730 2153 aaa.
749 2101 777 2138 a.
801 2084 864 2138 ura.
884 2082 910 2150 r,
929 2082 980 2137 ur.
990 2084 1047 2136 410.
1072 2082 1130 2150 cp.
1148 2081 1175 2135 a.
1194 2081 1239 2135 n.
1252 2082 1281 2139 s.
1299 2080 1386 2147 aar,
1403 2081 1431 2136 s.
1442 2085 1503 2135 aaa.

249 2316 365 2397 1330.
394 2316 481 2397 llal
506 2315 546 2399 4.
572 2315 786 2412 Avtgrron.
1490 2313 1556 2391 88.

353 2468 452 2549 Pnpst
469 2468 597 2533 Jolauu
609 2468 723 2533 XXII.
745 2468 865 2547 [abac
885 2468 946 2529 deri
969 2465 1034 2529 aaa
1054 2465 1123 2528 nard
1144 2464 1195 2527 die
1215 2464 1344 2544 Biirpcr
1363 2484 1422 2527 uma
1439 2462 1557 2543 Erfuri

348 2586 422 2633 aum
445 2566 616 2631 Gobarsom
635 2585 731 2646 papea
752 2566 812 2627 dcta
833 2563 1019 2644 Erabisclmf
1034 2560 1187 2625 Heinrich
1211 2582 1267 2623 aare
1289 2560 1406 2624 alloicia
1425 2560 1495 2640 auf.

399 2684 528 2749 namna,
546 2683 648 2751 Papa.
668 2684 731 2751 aa.
751 2678 786 2739 u·
803 2682 867 2735 uri.
886 2681 912 2746 1,
931 2681 983 2735 ur.
994 2685 1054 2739 412.
1075 2679 1133 2748 cp.
1151 2680 1177 2732 a.
1196 2678 1242 2732 n.
1257 2679 1284 2735 a.
1303 2677 1390 2743 xxa,
1410 2678 1436 2731 s.
1448 2682 1509 2731 aar.

329 2806 488 2869 Iohannes
508 2808 674 2889 episcopus
695 2824 807 2868 servus
829 2823 992 2867 servornm
1014 2802 1081 2866 Dei.
1123 2801 1255 2864 Dilectis
1275 2800 1350 2863 filiis
1370 2800 1557 2863 consulibus

251 2911 282 2967 et
303 2903 428 2967 civibus
449 2902 693 2966 Edordeusibns
715 2901 902 2984 Magantiue
923 2901 1000 2964 dioc
1022 2901 1155 2963 saltitem
1184 2906 1215 2962 ct
1236 2898 1438 2980 apostolicam
1463 2898 1556 2961 bene-

251 3002 429 3065 dictionem.
479 3000 526 3065 De
548 3000 637 3063 vobis
668 3020 813 3082 magnam
847 3000 1010 3061 materiam
1031 2998 1249 3061 admirationis
1269 2996 1438 3072 habentne,
1464 2996 1557 3077 qrrcd,

252 3102 323 3163 licet
345 3119 408 3163 nou
430 3100 580 3181 ignoretis
601 3118 659 3161 nec
681 3100 833 3179 ignorare,
854 3116 927 3159 cum
945 3098 986 3158 sit
998 3094 1161 3178 publicum
1176 3100 1207 3157 et
1221 3096 1389 3170 notorium,
1410 3092 1564 3172 debeatis,¹

252 3198 387 3281 qualiter
407 3216 466 3260 nos
488 3197 608 3260 dudum
631 3197 761 3259 ecclesie
776 3194 970 3277 Magantina
991 3200 1068 3257 tuuc
1089 3212 1146 3278 per
1164 3191 1285 3255 obitum
1308 3192 1390 3255 bone
1406 3193 1558 3254 memorie

254 3294 370 3357 Mathia
389 3296 612 3378 archiepiscopi
627 3294 803 3375 Maguntiui
820 3293 952 3368 vacanti,
973 3294 1066 3354 cuius
1086 3292 1298 3373 provisionem
1321 3308 1359 3353 ea
1379 3292 1447 3352 rice
1465 3289 1557 3351 nubis

251 3399 282 3455 et
301 3392 469 3475 apostolice
490 3392 555 3455 sedi
578 3392 772 3455 duxeramus
799 3392 892 3453 certis
923 3391 1028 3452 causis
1057 3386 1297 3451 rationabilibus
1327 3388 1557 3463 reservandam,

252 3490 291 3553 de
321 3508 454 3572 persona
481 3486 669 3553 venerabilis
696 3489 800 3551 fratris
828 3489 928 3551 nostri
955 3487 1086 3550 Henrici
1122 3485 1344 3568 archiepiscopi
1377 3484 1555 3565 ltagnntini

253 3588 291 3651 de
318 3588 452 3649 fratrum
474 3592 653 3649 nostrorum
685 3586 816 3649 consilio
843 3585 1039 3668 providimus
1063 3602 1202 3665 eumque
1229 3584 1275 3645 illi
1304 3582 1493 3664 prefecimus
1522 3584 1556 3644 in

252 3685 520 3767 archiepiscopum
542 3689 573 3747 et
594 3688 758 3766 pastorem.
809 3683 874 3746 Vos
895 3689 1019 3759 tamen,
1048 3684 1104 3765 qui
1133 3683 1236 3744 eidem
1263 3681 1496 3763 archiepiscopo
1526 3687 1558 3742 et
1660 3718 1663 3720 Δ

251 3783 381 3845 ecclesie
412 3802 468 3845 sne
496 3781 679 3863 Magantiue
709 3781 838 3845 subesse
868 3784 902 3843 in
928 3779 1148 3864 spiritualibus
1175 3787 1207 3842 et
1233 3777 1459 3860 temporalibus
1485 3796 1556 3840 nos·

251 3883 374 3958 cimini,
415 3881 515 3944 eidem
549 3896 657 3962 parere
694 3878 818 3960 sibique
861 3878 998 3941 debitam
1033 3879 1241 3941 reverentiam
1276 3872 1424 3939 exhibere
1455 3896 1493 3937 ac
1518 3876 1557 3937 de

253 3978 383 4053 iuribus,
404 3979 442 4041 ad
475 3981 574 4061 ipsam
610 3977 774 4040 ecclesiam
807 3995 899 4039 suam
929 3975 1100 4058 predictam
1128 3972 1355 4056 spectantibus
1394 3974 1555 4037 nescimus

252 4096 314 4159 quo
353 4078 439 4139 ducti
484 4078 533 4139 vel
572 4077 678 4138 verius
715 4073 834 4137 seducti
871 4072 1021 4149 consilio,
1062 4073 1158 4134 variis
1193 4072 1284 4154 penis
1323 4077 1354 4133 et
1391 4072 1556 4133 sententiis

251 4175 468 4257 spiritualibus
488 4180 518 4237 et
550 4172 775 4255 temporalibus
809 4170 937 4234 intlictis
967 4171 1120 4233 adversus
1150 4169 1282 4232 rebelles
1313 4168 1556 4231 contradictores

251 4279 281 4337 et
311 4272 527 4335 inobedientes
560 4271 662 4334 eidem
694 4270 927 4351 archiepiscopo
966 4288 1021 4351 per
1057 4287 1223 4349 processus
1258 4273 1382 4328 nostros
1417 4271 1448 4327 et
1478 4266 1557 4328 alios

250 4372 433 4433 auctoritate
465 4376 571 4433 nostra
601 4388 696 4451 snper
729 4368 891 4450 premissis
929 4366 1051 4428 habitos
1082 4366 1225 4428 deductis
1261 4366 1293 4427 iu
1331 4370 1557 4446 contemptum,

251 4464 493 4551 dampnabiliter
522 4468 683 4530 recusatis.
740 4464 895 4539 Quocirca
926 4465 1164 4526 universitatem
1192 4468 1328 4525 vestram
1356 4480 1505 4544 rogamus
1525 4468 1556 4523 et

250 4568 283 4629 in
325 4564 464 4629 Domino
501 4566 652 4627 attentius
693 4563 913 4642 exhortamur,
952 4581 1031 4625 sano
1068 4568 1262 4645 paternoque
1301 4558 1391 4622 vobis
1423 4558 1554 4621 consilio
