3525 5209
778 393 929 463 Nachtrag.
1456 397 1507 450 825

202 545 317 608 futuro.
365 544 404 608 ln
443 546 537 607 cuius
571 547 617 608 rei
652 545 802 608 noticiam
839 548 871 609 ot
910 546 1131 610 certitudinem
1158 547 1330 610 firmiorem
1362 546 1508 610 dedimus

203 648 381 726 presentem
417 644 552 707 litteram
583 643 680 726 sigilli
710 645 810 707 nostri
840 645 1020 707 munimine
1053 635 1242 710 roboratam.
1294 644 1508 724 Prcsentibus,

203 763 341 824 quorum
380 744 511 806 nomina
547 746 623 806 sunt
654 741 844 825 subscripta:
894 741 1041 806 Bertoldo
1086 743 1187 806 milite
1228 743 1266 807 de
1304 743 1508 822 Yschirstete,

200 838 389 904 Theoderico
414 840 480 903 filio
506 843 575 904 eius
596 847 627 904 et
648 841 776 904 domino
795 839 937 904 Helwico
959 839 1092 924 plebano
1114 842 1251 924 predicte
1271 843 1360 923 ville,
1387 848 1418 907 et
1437 843 1508 908 aliis

202 958 298 1021 quam
321 939 468 1022 pluribus
486 939 548 1003 fide
568 939 680 1022 dignis.

280 1036 400 1101 Datum
422 1057 506 1101 anno
521 1036 651 1102 Domini
674 1037 727 1100 M⁰
742 1036 813 1101 000
829 1036 1015 1102 LXXXH0.
1037 1039 1072 1102 in
1094 1038 1144 1102 die
1158 1038 1308 1121 Gorgonii
1321 1042 1466 1104 martiris,

202 1261 308 1345 1289
336 1259 472 1362 (1290)
500 1261 619 1344 Mlirz
646 1262 684 1344 2.
1466 1264 1505 1346 9.

300 1397 462 1473 humbert,
496 1396 612 1477 Propst
639 1397 693 1460 des
725 1396 960 1477 Morienstistcs
994 1417 1036 1461 aa
1069 1397 1205 1478 Erfurt,
1246 1398 1400 1462 dberlrisst
1438 1401 1507 1464 dam

301 1496 466 1559 deratsdaen
501 1493 606 1558 Ordea
633 1497 693 1558 das
717 1495 973 1558 Patronatsrechl
1001 1496 1057 1559 der
1078 1495 1310 1561 Nicolailrirche
1333 1518 1427 1578 papea
1449 1500 1508 1562 dns

305 1594 360 1657 der
382 1593 608 1657 Lorenahirchc
627 1613 668 1658 aa
690 1592 853 1658 Fohnern.

355 1730 443 1799 Wyss,
473 1728 530 1787 ΠΒ,
556 1727 602 1782 der
629 1728 924 1783 Deutsrhordeasboltea'
941 1728 1229 1795 Hersen,1'.Nr.500
1255 1729 1344 1799 (Hess.
1361 1731 1506 1788 carme.

398 1817 424 1872 d.
435 1818 541 1878 Pressa,
558 1818 598 1876 st.
608 1817 643 1874 A.
663 1817 797 1880 Rern).

278 1940 318 2003 In
338 1941 467 2004 nomine
488 1939 617 2004 Domini
640 1960 741 2004 amera
787 1940 854 2004 Nos
875 1939 1078 2024 Lampertus,
1111 1939 1170 2005 Dei
1202 1945 1304 2025 gratia
1329 1947 1507 2028 prepositus

200 2038 330 2102 ecclesie
368 2059 391 2103 s,
407 2039 506 2104 Maria
545 2039 761 2120 Ertordensis,
801 2041 1060 2122 recognoscimus
1099 2045 1130 2104 et
1166 2045 1274 2105 tencre
1311 2045 1505 2126 presentium

199 2137 304 2202 lucide
324 2143 550 2221 protestamur,
572 2138 657 2221 qnod
681 2157 755 2201 cum
779 2138 979 2228 aliquamdiu
1001 2139 1083 2201 inter
1104 2159 1163 2202 nos
1184 2145 1215 2202 et
1236 2140 1399 2222 religiosos
1420 2145 1506 2206 viros

198 2236 326 2298 fratrem
360 2235 581 2299 Burchardum
618 2235 657 2299 de
696 2235 863 2315 Svanden,
906 2239 1094 2317 magistrum
1128 2237 1308 2319 generalem
1343 2239 1506 2322 hospitalis

199 2353 223 2395 s.
243 2333 340 2395 hlarie
353 2332 623 2396 Theutunioorum
637 2333 993 2414 lherosolimitanorum,
1018 2339 1049 2398 et
1069 2335 1181 2397 iratres
1203 2337 1254 2398 sui
1276 2336 1396 2400 ordinis
1411 2357 1506 2420 super

199 2434 432 2514 permutatione
472 2434 552 2496 iuris
596 2438 780 2515 patronatus
822 2432 1028 2495 ecclesiarum
1069 2453 1091 2496 s.
1110 2431 1231 2496 Nicolai
1272 2433 1354 2496 intra
1396 2455 1505 2500 muros

199 2528 405 2593 Ertordenses
441 2531 526 2613 apud
558 2537 686 2613 pontem
723 2529 1048 2593 Liemanuisbrnclren
1082 2537 1114 2593 et
1145 2532 1246 2594 sancti
1278 2529 1439 2596 Laurentii
1469 2536 1504 2597 in

200 2626 307 2713 Vama
336 2629 477 2710 repetitis
500 2627 627 2706 ¹vicibus
656 2634 859 2707 tractaretur,
897 2629 1095 2692 attendentes
1120 2629 1332 2712 predictorum
1361 2632 1504 2714 magistri

199 2729 355 2811 generalis
376 2736 408 2793 et
427 2726 561 2790 fratrum
582 2725 780 2788 devotionern
803 2731 835 2789 et
854 2725 1060 2809 obsequium,
1090 2727 1175 2809 quod
1198 2723 1506 2793 dominc'lerventer

198 2827 380 2910 impendere
423 2845 487 2888 non
529 2823 713 2903 obmittunt,
750 2831 782 2887 et
818 2825 959 2888 maxime
999 2825 1148 2888 antedicti
1186 2828 1328 2908 magistri
1373 2845 1503 2909 precum

198 2927 348 2988 instantia
376 2925 504 3001 devicti,
536 2922 718 2986 huiusmodi
750 2923 1017 3004 permutationem
1049 2923 1218 3006 procedere
1246 2925 1451 3007 permisimus
1473 2932 1505 2989 et

197 3025 411 3105 permittimus
452 3023 486 3084 in
529 3022 591 3084 hiis
632 3022 770 3104 scriptis,
809 3022 862 3083 ius
904 3027 1088 3104 patronatus
1133 3021 1336 3106 parrochialis
1372 3023 1504 3086 ecclesie

198 3121 371 3196 sNicolai,
396 3120 435 3183 de
474 3139 538 3202 qua
569 3119 754 3203 predicitur,
784 3120 869 3202 quod
903 3120 942 3183 ad
970 3139 1029 3184 nos
1054 3120 1245 3204 pertinebat,
1271 3121 1306 3182 in
1335 3120 1504 3203 prelibatos

199 3221 386 3299 magistrum
413 3225 444 3282 et
476 3218 587 3282 iratres
613 3217 833 3281 transferimus
861 3217 953 3302 pleno
979 3219 1064 3298 iure,
1094 3220 1138 3282 ita
1163 3219 1248 3301 quod
1277 3237 1504 3301 quemcunque

198 3320 266 3380 sive
297 3316 448 3380 clericum
482 3316 657 3379 secularem
694 3317 762 3378 sive
793 3318 845 3379 sui
877 3316 999 3380 ordinis
1029 3317 1222 3381 sacerdotem
1253 3317 1414 3398 ydoneum
1441 3319 1503 3401 ipsi

197 3415 309 3478 fratres
329 3413 421 3477 nobis
442 3414 593 3477 duxerint
613 3413 870 3496 presentandum,
897 3416 1119 3478 investituram
1142 3421 1174 3478 ct
1192 3434 1300 3478 curam
1323 3417 1502 3478 animarum

196 3535 215 3576 a
245 3513 338 3577 nobis
371 3519 402 3576 et
433 3513 549 3576 nostris
583 3511 820 3576 successoribus
851 3518 957 3596 petere
994 3512 1099 3593 debat,
1138 3532 1232 3597 quern
1258 3532 1317 3576 nos
1345 3520 1376 3578 et
1402 3516 1502 3577 nostri

196 3631 394 3675 successores
415 3612 500 3674 omni
521 3616 642 3673 remoto
658 3611 884 3693 impedimento
903 3619 934 3675 et
948 3611 1134 3674 difficultate
1148 3610 1328 3676 tenebimur
1343 3613 1502 3692 investire,

195 3710 282 3772 salva
303 3711 396 3772 nobis
416 3710 597 3791 nostrisque
620 3709 860 3772 successoribus
882 3710 1041 3788 condigna
1060 3711 1335 3774 animadversione
1355 3712 1390 3773 in
1410 3710 1501 3774 illurn

194 3813 409 3890 presentatum
432 3813 462 3869 et
486 3805 642 3880 omnibns,
664 3825 726 3888 que
741 3807 775 3868 in
798 3809 1012 3870 instrumento
1032 3807 1157 3890 publico
1174 3808 1213 3871 de
1228 3811 1298 3872 inre
1315 3814 1502 3892 patronatus

195 3905 326 3968 ecclesie
352 3907 385 3967 in
408 3905 516 3967 Vanre
541 3904 580 3967 ab
604 3905 723 3968 eisdem
749 3906 900 3988 magistro
922 3911 952 3969 et
972 3905 1122 3969 iratribus
1141 3905 1234 3969 nobis
1256 3907 1327 3969 dato
1348 3907 1501 3989 liquidius

196 4005 408 4066 continentur.
456 4003 500 4066 Ut
528 4010 635 4066 autem
663 4003 721 4064 hec
745 4005 935 4086 permutatio
957 4005 1118 4087 utrimque
1143 4005 1223 4068 facta
1246 4005 1502 4087 irrefragabiliter

193 4102 346 4184 perpetim
387 4101 585 4180 observetur,
630 4106 808 4183 presentem
855 4102 994 4164 litteram
1030 4105 1129 4166 nostri
1173 4103 1269 4186 sigilli
1300 4103 1500 4168 firmavimus

194 4201 403 4262 munimento,
458 4199 565 4262 Testes
599 4199 697 4262 huius
730 4204 826 4264 sunt:
865 4199 1066 4264 honorabiles
1110 4204 1172 4264 viri
1203 4202 1349 4266 Andreas
1382 4205 1500 4266 montis

194 4300 296 4361 sancti
317 4297 402 4360 Petri
423 4304 455 4361 et
475 4297 666 4361 Laurentius
688 4298 788 4360 sancti
808 4297 916 4361 Iacchi
937 4299 1102 4362 Scotorum
1124 4298 1266 4376 abbates,
1293 4300 1499 4365 Hermannus

194 4397 232 4459 de
266 4396 398 4460 Glichen
431 4398 603 4459 canonicus
632 4395 855 4478 Magnntinus,
890 4396 1058 4461 Corradus
1094 4399 1233 4462 decanus
1270 4405 1301 4462 et
1327 4399 1499 4464 Volmarus

193 4501 302 4557 cantor
329 4494 460 4558 ecclesie
489 4514 513 4556 s.
534 4493 641 4557 Severi
668 4495 744 4557 dicti
775 4494 882 4578 oppidi
903 4495 1118 4576 Erfordensis,
1148 4495 1324 4580 Lutegerus
1345 4498 1499 4582 plebanus

194 4593 227 4652 in
246 4592 429 4656 Tutcleibeu
452 4600 483 4655 et
506 4611 602 4673 quam
624 4593 731 4675 plures
753 4593 807 4655 alii
828 4593 892 4656 lide
915 4595 1010 4675 digni.
