3525 5209
255 363 306 422 140
611 363 886 435 Gentilichtsquelien
904 364 954 418 der
971 363 1052 420 Prov.
1071 364 1201 420 Saohsen.

255 513 340 579 tibus
361 515 401 578 ad
423 516 609 598 pensionem
629 519 844 593 memoratam,
859 535 957 598 quam
970 516 1153 597 pensionem
1176 514 1260 580 idem
1278 514 1437 581 Iohannes
1459 513 1563 578 Grun-

254 618 332 677 stete
365 613 525 697 predictus
557 632 613 696 pro
650 613 790 677 remedio
822 614 928 676 anime
957 631 1015 676 sue
1042 613 1158 695 legavit
1186 611 1225 675 ad
1254 613 1449 694 parrochiam
1481 611 1562 676 beati

254 709 468 775 Bartholomei
499 709 643 774 Ertordie
674 711 714 774 ob
746 711 912 794 petitiones
937 717 1175 792 procuratorum
1207 711 1270 774 iam
1299 709 1567 794 (116166666611164

256 828 280 872 6.
292 807 516 888 Bartholomei,
532 808 679 874 videlicet
699 807 827 872 Martini
849 807 1107 878 deWaldindorf.
1128 806 1270 870 Heinrici
1292 807 1330 872 de
1352 805 1562 886 Holtzhusen3

253 907 439 988 pensionem
461 907 646 972 huiusmodi
668 908 761 970 sitam
781 907 817 968 in
839 905 930 970 bonis
951 907 1133 970 memoratis
1155 924 1192 968 ac
1205 906 1273 989 ipsa
1296 904 1377 970 bona
1393 911 1564 970 memorate

254 1005 417 1086 parrochie
432 1005 546 1070 damus
573 1013 605 1069 et
629 1005 885 1088 appropriamus,
913 1005 1146 1087 resignavimus
1177 1009 1209 1066 et
1238 1003 1436 1086 presentibus
1466 1005 1564 1087 resig-

255 1121 386 1181 namus,
406 1103 486 1167 nibil
512 1103 610 1166 nostri
629 1102 762 1166 dominii
783 1121 839 1166 seu
856 1101 1097 1166 consuetudinis
1117 1106 1323 1174 reservantes,
1341 1102 1568 1168 transferentes

255 1201 290 1264 in
312 1201 428 1265 dictam
449 1201 644 1284 parrochiam
666 1219 760 1264 omno
781 1200 957 1278 insomne
978 1199 1164 1278 dominium,
1186 1200 1270 1282 quod
1294 1199 1385 1264 nobis
1402 1207 1434 1264 et
1450 1201 1564 1262 nostris

255 1297 424 1361 heredibus
444 1304 476 1361 et
492 1297 730 1363 successoribus
749 1298 904 1363 bacterms
924 1297 1120 1381 competebat
1134 1303 1165 1362 et
1180 1300 1341 1381 competiit
1361 1297 1401 1361 ab
1422 1299 1564 1380 antiquo,

258 1396 484 1459 renunciantes
495 1393 645 1459 omnibus
656 1394 899 1473 accessionibus,
910 1393 1157 1478 inpetitionibus,
1168 1395 1293 1460 iuribus
1304 1401 1335 1460 at
1346 1397 1462 1472 causis,
1472 1394 1564 1458 nobis

257 1491 509 1576 competentibus
539 1493 723 1576 simpliciter
751 1493 951 1577 presentibus
978 1499 1008 1556 et
1028 1494 1062 1556 in
1083 1511 1269 1570 commune,
1288 1493 1565 1578 appellationibus,

256 1590 407 1654 omnibus
425 1589 666 1674 exceptionibus
686 1596 718 1656 et
738 1591 914 1675 specialiter
934 1592 1110 1674 exceptioni
1132 1589 1194 1654 doli
1216 1591 1291 1658 mali
1312 1611 1349 1656 ac
1364 1591 1425 1673 legi
1437 1590 1563 1665 dicenti,

252 1688 430 1766 generalem
450 1687 721 1752 renunciationem
739 1707 803 1752 non
823 1687 935 1766 valere,
956 1686 1109 1752 beneficio
1123 1688 1330 1752 restitutionis
1348 1690 1382 1752 in
1393 1689 1565 1770 integrum,

253 1786 370 1849 achoni
390 1787 424 1849 in
442 1787 571 1860 factum,
593 1785 766 1850 conditioni
787 1786 827 1850 ob
848 1805 977 1850 causam
1001 1785 1050 1848 rel
1072 1787 1141 1850 sine
1160 1803 1257 1850 causa
1278 1792 1310 1849 et
1328 1788 1518 1869 generaliter
1534 1795 1565 1852 et

254 1882 436 1965 specialiter,
445 1885 532 1946 omni
545 1884 625 1946 iuris
635 1885 755 1948 auxilio
766 1883 860 1948 nobis
877 1883 965 1947 salvo
976 1884 1120 1948 canonici
1139 1883 1187 1947 vel
1204 1883 1317 1962 civilis,
1333 1905 1396 1968 quo
1411 1889 1565 1968 premissa

143 2064 146 2067 Ι
258 1979 309 2044 vel
329 1982 556 2064 premissorum
578 1981 698 2065 aliquid
717 1987 825 2064 posset
841 1982 1035 2064 inposterum
1056 1982 1176 2060 viciari,
1197 1983 1314 2046 cassari
1330 1983 1566 2066 quomodolibet

258 2078 308 2142 vel
328 2079 481 2154 rescindi,
502 2079 613 2143 dantes
631 2081 694 2162 ipsi
715 2079 877 2161 parrochie
898 2085 928 2143 et
948 2079 1205 2162 procuratoribus
1226 2079 1304 2154 eius,
1322 2079 1459 2146 Martino
1478 2079 1564 2146 Wal-

255 2174 383 2240 dindorf
414 2180 446 2239 et
469 2175 609 2240 Henrioo
635 2175 853 2256 Holczbuson,
885 2176 966 2242 hano
996 2177 1132 2240 litteram
1160 2181 1267 2241 nostro
1301 2177 1403 2260 sigillo
1432 2178 1565 2244 firmiter

255 2274 483 2338 communitam
504 2275 540 2338 in
560 2276 777 2343 testimouium
799 2295 960 2358 supereo.
1001 2275 1108 2340 Testes
1128 2275 1226 2339 hrrius
1245 2275 1291 2338 rei
1312 2283 1388 2340 sunt
1409 2275 1564 2358 plebanus

255 2369 414 2434 Rudolfus
435 2371 474 2436 de
494 2371 692 2451 Northusen,
712 2372 873 2437 Henrious
896 2371 1113 2454 Hartisleybin
1135 2371 1173 2438 de
1190 2371 1378 2450 Grunstete,
1401 2373 1564 2440 Henricus

255 2469 295 2532 do
325 2468 510 2550 Welingen,
543 2469 733 2536 Ludewious
758 2469 912 2534 scultetus
938 2470 977 2534 de
1002 2468 1152 2551 Wymer,
1183 2469 1342 2536 Iohannes
1368 2470 1565 2552 Emmichen,

254 2566 462 2632 Hermannus
483 2569 522 2632 de
543 2568 723 2644 Grunstete,
743 2567 872 2650 Thtaelo
894 2567 1116 2648 Biltsrsleybin
1140 2574 1171 2632 61
1190 2569 1243 2632 6111
1265 2569 1484 2653 quamplures
1501 2569 1565 2634 fide

254 2664 349 2748 digni.
390 2664 510 2730 Datum
541 2673 573 2730 et
592 2675 698 2730 actum
730 2686 813 2731 anno
838 2665 972 2730 Domini
999 2665 1311 2730 M⁰OOO⁰XXXVIL
1341 2668 1376 2730 in
1404 2667 1456 2732 die
1482 2665 1565 2730 Mar-

254 2773 361 2850 garote
379 2769 513 2851 virginis
533 2775 565 2833 et
583 2770 731 2834 martiris.

331 2889 344 2920 ⁸
365 2883 410 2941 Or.
430 2884 480 2939 hot
496 2883 604 2939 nollent.

255 3023 363 3107 1331.
391 3023 557 3124 August
582 3025 649 3107 30.
1473 3027 1563 3110 lob.

354 3159 423 3224 Der
439 3160 655 3240 propsteiliebc
675 3160 805 3242 official
827 3162 881 3225 des
900 3161 1133 3243 Moricustittes
1146 3161 1182 3224 r'rr
1200 3161 1319 3242 Blrfmt
1333 3161 1402 3225 ond
1415 3165 1565 3246 magister

355 3259 542 3323 [ludewicus
567 3261 606 3323 de
624 3259 820 3338 Mockebaob,
842 3263 1016 3326 canonicus
1041 3260 1171 3324 ecclesie
1195 3280 1219 3324 6.
1240 3259 1338 3324 Maria
1363 3266 1395 3324 61
1409 3260 1564 3344 plebanus

354 3358 484 3422 66616616
506 3378 530 3421 s.
548 3356 614 3421 Viti
636 3357 852 3436 Erfordensis,
882 3357 1050 3434 deterreo,
1080 3357 1155 3421 dass
1181 3357 1390 3422 Gotschallrus
1422 3366 1453 3423 et
1484 3357 1565 3422 Her-

355 3455 880 3539 manus,tiliiquondamBe1toldi
896 3455 1008 3532 Eirioi,
1032 3457 1111 3522 civis
1126 3455 1340 3536 ErfordensiS,
1363 3455 1453 3519 einen
1469 3454 1566 3518 Alter

359 3551 394 3614 in
420 3552 476 3613 der
500 3557 678 3630 perconter
712 3553 879 3617 Vitilrirdre
908 3571 949 3616 au
977 3553 1062 3616 einer
1088 3553 1203 3632 ewipen
1237 3553 1365 3616 Viturie
1391 3571 1432 3618 ru
1452 3553 1563 3617 Ehrea

356 3671 395 3714 66
424 3651 566 3731 andree,
598 3649 751 3716 Iohannis
776 3653 969 3736 evangeliste
995 3652 1140 3736 apostoli,
1166 3649 1339 3716 Kathcrina
1368 3657 1399 3716 et
1427 3649 1566 3718 Barbare

353 3748 488 3828 pestiftet
507 3748 576 3811 ond
596 3748 653 3810 mit
674 3749 821 3831 3Hu1‘en
842 3750 912 3813 und
933 3755 954 3813 3
972 3749 1079 3830 Hbfen
1098 3769 1140 3813 ao
1157 3749 1332 3814 Retebeolie
1354 3751 1463 3830 maior,
1481 3749 1566 3812 einer

354 3845 466 3910 halben
495 3846 586 3928 Herse
611 3847 681 3910 arad
706 3848 792 3911 einer
827 3847 928 3912 Wiase
955 3867 998 3911 err
1018 3847 1201 3911 Malsleiben
1229 3846 1341 3910 doticrt
1364 3846 1472 3910 huben.
1515 3845 1567 3910 Sic

354 3945 474 4008 ordnen
494 3945 556 4008 den
568 3944 776 4009 Gottesdicrast
799 3967 841 4008 on
864 3947 934 4008 dein
947 3945 1045 4008 Alter
1059 3943 1173 4020 dobin,
1196 3945 1271 4007 dass
1287 3965 1320 4007 cr
1336 3943 1566 4008 ohneScboderr

355 4041 409 4104 des
435 4041 570 4106 Plobons
596 4043 737 4123 96161166
766 4043 881 4119 werde,
914 4043 982 4106 dem
1013 4042 1074 4106 olle
1105 4043 1138 4105 ira
1169 4043 1225 4105 der
1249 4041 1369 4106 Kirdre
1398 4043 1467 4105 oud
1498 4061 1565 4104 vom

355 4139 516 4222 Kirebbof
536 4140 698 4222 fallendae
722 4139 819 4222 06161
843 4140 941 4204 adria
960 4139 1091 4220 peitbren
1111 4139 1215 4204 solien.
1258 4138 1323 4203 Dic
1343 4141 1566 4204 Prdsentotion

356 4239 410 4300 des
438 4238 562 4317 Vitare,
582 4239 638 4302 der
656 4239 708 4302 eir
728 4239 865 4301 Priester
884 4238 951 4301 acin
973 4258 1067 4315 naues,
1089 4239 1188 4303 haben
1209 4238 1273 4301 6161
1294 4239 1345 4301 dic
1365 4239 1477 4319 Stifter
1497 4237 1566 4301 aad

355 4335 450 4398 deren
460 4335 565 4399 Idrben
585 4335 785 4400 6611616166.
818 4335 869 4398 Za
887 4337 986 4399 dieser
1002 4335 1144 4417 Stiftrrnp
1155 4337 1249 4417 peter
1266 4335 1332 4398 ihre
1344 4335 1565 4416 Zostimmuop

357 4433 413 4496 der
429 4433 504 4496 oben
519 4439 676 4513 perorante
687 4437 836 4518 magister
845 4434 1033 4499 Ludewicus
1050 4435 1089 4499 de
1101 4435 1281 4510 Mekabach,
1298 4455 1393 4498 verns
1403 4435 1566 4518 plebanus

360 4531 423 4597 Jan
432 4533 534 4598 Faber
546 4533 616 4596 aad
626 4533 832 4598 Hermannus
846 4534 885 4598 de
896 4533 1073 4614 Rinkoven,
1087 4531 1311 4596 Altermr'irrrer
1325 4531 1380 4594 der
1392 4529 1566 4596 Vitibircbo.
