3525 5209
494 395 723 451 Urlrundenbuch
741 396 790 449 der
808 394 893 449 stadt
909 394 1015 447 Erlurt.
1053 393 1091 447 ll.
1110 393 1195 448 Theil.
1458 394 1492 447 39

184 548 299 629 1327.
327 546 453 647 Aprll
480 546 543 629 22.
1432 545 1494 627 bt.

290 681 466 756 Friedrich,
488 682 574 745 Herr
593 684 629 745 iu
651 681 870 762 Heldrcupeu,
893 680 1010 743 bclelrnt
1028 679 1157 743 Jobcuu
1176 681 1245 742 cru
1266 678 1416 761 Horlcnp
1437 700 1495 743 von

287 776 424 859 Dritori,
431 776 557 859 Biirpcr
566 800 606 843 eu
613 780 737 860 Erlurl,
745 780 869 859 nrit4¹l2
878 776 1188 858 HotcrteuElelebcn
1200 778 1268 840 und
1277 776 1494 843 Wolscblcbeu.

342 898 386 951 Or.
405 897 453 950 mit
472 896 498 951 S.
517 898 554 950 int
574 897 635 966 Kpl.
651 897 733 953 b'td.
752 912 787 950 zu
807 896 859 949 M.-

271 1018 337 1082 Nos
357 1018 544 1097 liidericuS,
564 1019 623 1083 Dei
642 1021 743 1099 gratie
768 1018 917 1082 dominus
939 1019 972 1080 in
992 1017 1220 1101 Helderungin
1240 1022 1496 1102 recognoscimus

186 1125 219 1181 et
241 1123 350 1180 tenore
372 1119 565 1201 presentium
589 1116 712 1200 publice
735 1122 962 1199 protestamur,
990 1114 1074 1196 quod
1097 1116 1239 1179 discretis
1259 1117 1336 1179 viris
1355 1116 1494 1180 Jobenni

185 1222 216 1277 et
240 1214 406 1297 Hertungo
433 1214 583 1278 fratribus
605 1215 642 1277 de
665 1212 848 1290 Drivordia,
874 1212 999 1276 civibus
1019 1212 1277 1292 biliomensibus
1299 1215 1495 1279 contulimus

185 1319 216 1375 et
243 1311 445 1395 presentibus
469 1312 663 1376 conferimus
692 1318 828 1393 quatuor
856 1330 985 1373 mansos
1010 1330 1082 1373 cum
1112 1312 1242 1375 dimidio
1269 1313 1302 1375 in
1324 1314 1443 1397 campis
1464 1320 1495 1375 et
1550 1341 1553 1347 ·

186 1411 333 1473 terminis
361 1410 530 1491 Elxleybin
556 1415 586 1473 et
608 1409 814 1489 Walisleybiu
850 1410 926 1471 sitos
957 1430 976 1470 u
1004 1408 1096 1471 nobis
1123 1416 1154 1472 et
1180 1412 1295 1473 uostris
1326 1410 1494 1474 heredibus

186 1510 271 1571 iusto
304 1508 388 1571 feodi
419 1508 511 1571 titulo
544 1513 693 1590 perpetuo
725 1507 944 1589 possidendoS‚
984 1506 1093 1570 dentes
1124 1527 1219 1590 super
1249 1526 1285 1570 eo
1317 1513 1494 1590 presentem

186 1606 322 1669 litteram
359 1625 432 1667 cum
465 1607 654 1688 appensione
691 1607 788 1667 nostri
825 1605 919 1687 sigilli
952 1606 1129 1669 munimine
1161 1604 1345 1668 roboratam.
1394 1606 1516 1669 Cuius·

185 1710 281 1767 testes
322 1708 412 1765 sunt:
456 1704 576 1767 strenui
617 1704 676 1765 viri
716 1704 820 1767 dictus
859 1702 944 1765 Bocb
983 1703 1021 1765 de
1057 1701 1294 1785 Helderungin,
1330 1702 1494 1767 Jobanues

185 1803 224 1865 de
267 1800 387 1865 Drebre
429 1807 460 1865 ot
489 1800 649 1864 Hemicus
681 1802 719 1863 dc
747 1799 953 1881 Restenberg.
973 1799 1104 1874 milites,
1136 1800 1321 1864 Guntberus
1353 1801 1391 1865 de
1421 1800 1493 1863 Dri-

186 1900 314 1976 vordiu‚
346 1898 554 1963 Theodericus
580 1899 619 1961 de
645 1896 885 1977 Hervirsleybin
914 1904 945 1959 et
972 1896 1135 1960 Johcnnes
1161 1897 1200 1962 de
1226 1898 1383 1981 Appoldic
1408 1900 1493 1961 cives

184 1996 404 2061 Erl'ordenses
437 1999 555 2059 Actum
577 2003 609 2059 et
628 1994 747 2058 Datum
768 2015 851 2057 enno
872 1992 1000 2057 Domini
1023 1993 1311 2073 M⁰GCC⁰XXVH⁰‚
1331 1996 1365 2058 in
1386 1996 1494 2080 vigilie

188 2094 272 2159 beati
296 2094 430 2177 Georgii.

187 2315 294 2397 1327.
324 2315 408 2395 Mul
436 2314 498 2395 22.
527 2312 784 2396 Amorboob.
1425 2313 1492 2395 58.

287 2448 442 2525 Melias,
458 2450 637 2527 Erzbisclrot
648 2470 707 2514 oon
719 2448 842 2525 Maiore,
859 2450 998 2512 verbiclcl
1013 2449 1072 2511 clos
1082 2449 1273 2512 Aussteceen
1291 2450 1346 2512 der
1358 2448 1492 2522 Fulmen

152 2564 161 2585 ⁸
287 2548 356 2610 und
384 2548 436 2610 dic
456 2546 638 2627 Abbollunp
664 2546 845 2610 lcirclrlr'clrcr
868 2545 1121 2610 Feierlicblrcilcc
1146 2546 1296 2610 celerent
1320 2546 1377 2610 der
1397 2545 1492 2610 Dom-

287 2644 484 2709 Kirclrwcilre

295 2749 297 2753 ’
340 2762 645 2819 crescemus

269 2884 418 2963 llelhias,
449 2884 509 2949 Dei
542 2887 642 2967 gratia
674 2890 779 2949 sancte
801 2884 987 2969 Mogontine
1012 2884 1096 2947 sedis
1122 2885 1387 2969 archiepiscopus
1411 2889 1491 2949 sacri

184 2984 309 3066 imperii
336 3002 391 3065 per
411 2983 612 3045 Gennaniam
640 2982 946 3061 archicancellarius,
972 2982 1095 3045 dilectis
1115 2984 1148 3045 in
1170 2982 1294 3046 Christo
1313 2984 1440 3067 prelatis
1461 2992 1492 3047 et

183 3081 269 3145 clero
290 3081 426 3143 civitatis
447 3080 646 3143 Erfordensis
666 3082 840 3163 ceterisque
855 3087 919 3145 tom
936 3082 1018 3143 intre
1036 3100 1145 3144 muros
1162 3100 1260 3164 quem
1278 3087 1491 3145 extramuros

185 3179 314 3255 ibidem,
331 3177 370 3240 ad
389 3198 469 3260 quos
484 3187 644 3261 presentes
659 3180 867 3261 pervenerint,
881 3180 1103 3262 cuiuscunque
1121 3183 1221 3241 status
1237 3183 1294 3241 aut
1302 3179 1492 3243 conditionis

186 3278 340 3354 existant,
363 3274 498 3339 salutem
518 3276 550 3337 in
573 3274 710 3339 Domino
730 3276 963 3358 sempiternom.
1006 3275 1048 3339 Ut
1069 3275 1200 3339 ecclesia
1220 3295 1246 3339 s.
1267 3274 1367 3339 Morio
1388 3276 1494 3340 Erl'or-

186 3375 310 3452 densis,
344 3393 440 3455 quam
473 3373 556 3436 inter
586 3378 705 3437 ceteras
730 3372 877 3437 ecclesias
904 3393 960 3456 per
983 3379 1079 3437 totam
1107 3372 1311 3458 Thuringiem
1341 3382 1493 3457 tanquam

186 3472 369 3556 precipuum
397 3471 504 3534 levore
533 3472 756 3554 prosequimur
779 3470 923 3553 speciali,
950 3470 989 3533 ab
1020 3472 1177 3535 universis
1204 3470 1318 3535 Christi
1346 3471 1494 3542 fidelibus

184 3570 350 3653 presertim
373 3571 405 3632 in
427 3569 478 3632 die
494 3568 700 3632 dedicationis
715 3568 816 3652 ipsius
832 3568 978 3633 devotius
992 3569 1219 3650 frequentetur,
1242 3569 1331 3633 vobis
1343 3570 1492 3633 omnibus

184 3677 216 3731 et
246 3666 381 3750 singulis
412 3666 607 3746 inhibemus,
638 3684 678 3729 ne
709 3672 777 3729 octo
811 3665 923 3731 diebus
952 3672 1025 3731 onte
1051 3673 1082 3731 et
1110 3673 1180 3749 post
1209 3666 1389 3746 sabbatum,
1430 3686 1495 3749 qua

184 3770 331 3828 mutatur
351 3762 476 3827 Karitas
496 3762 571 3843 Dei,
598 3765 632 3825 in
662 3783 724 3847 quo
751 3762 888 3846 predicte
913 3763 1043 3827 ecclesie
1064 3784 1087 3829 s.
1110 3763 1208 3827 Mario
1229 3764 1381 3828 dedicatio
1401 3765 1494 3828 annis

186 3861 322 3946 singulis
358 3862 538 3942 inchoatur,
574 3861 688 3925 vexilla
724 3861 831 3944 alique
866 3861 1043 3925 extendatis
1074 3868 1130 3925 eut
1162 3861 1289 3926 extendi
1320 3862 1494 3944 quomodo-

186 3959 263 4025 libet
283 3959 419 4039 faciatis3
446 3978 504 4023 nec
530 3979 585 4043 per
612 3958 696 4023 idem
723 3964 848 4043 tempus
874 3961 1125 4024 consecrationes
1146 3959 1365 4039 ecclesiarum,
1392 3960 1493 4042 capel-

186 4057 290 4121 lnrum
330 4056 381 4120 vel
421 4055 568 4120 ultorium
604 4056 672 4121 fien'
710 4058 743 4119 in
782 4058 895 4121 vestris
931 4057 1071 4121 ecclesiis
1106 4065 1161 4121 aut
1198 4056 1348 4121 celebrari
1389 4077 1495 4121 sacros

185 4156 315 4219 ordines
348 4156 380 4218 in
418 4155 500 4218 dicto
536 4154 666 4219 sabbato
697 4154 787 4232 alibi,
824 4174 920 4237 quam
953 4156 988 4218 in
1017 4154 1156 4237 predicta
1187 4175 1211 4217 s.
1233 4153 1333 4218 Merie
1363 4153 1494 4218 ecclesie

185 4254 382 4337 permittetis.
422 4252 489 4316 Nos
515 4254 599 4316 enim
635 4253 719 4315 vices
742 4257 880 4331 nostras,
908 4254 935 4315 si
964 4273 1043 4335 ques
1070 4252 1317 4335 quibuscunque
1339 4252 1495 4335 episcopis

186 4354 218 4415 in
256 4352 450 4414 sonnatium
480 4352 711 4429 commisimus,
742 4349 781 4411 od
808 4368 867 4413 nos
890 4368 931 4413 ex
958 4352 1052 4413 cerlis
1077 4352 1182 4413 causis
1209 4369 1267 4413 nos
1292 4348 1494 4413 moventibus

185 4450 246 4513 biis
265 4449 377 4511 litteris
397 4467 592 4511 revocamus.
625 4446 743 4510 Dutum
764 4444 955 4526 Amorbech,
976 4447 1025 4511 XI
1038 4498 1044 4509 .
1059 4447 1127 4511 Kal.
1143 4446 1163 4509 J
1168 4448 1245 4527 unii,
1266 4467 1349 4511 anno
1364 4446 1494 4510 Domini

184 4546 218 4611 M
230 4592 237 4607 .
250 4546 326 4613 000
337 4597 345 4610 .
356 4544 496 4611 XXVII.
