3525 5209
261 394 314 446 824
620 385 893 459 Geacliichtsquclleu
914 389 962 442 der
981 389 1059 444 Pror¹
1075 388 1207 444 Sstcheen.

263 543 373 628 1281.
400 541 639 622 Deuember
665 541 700 621 7.
1531 544 1568 625 i.

362 674 434 742 Dos
454 677 581 742 Kloster
591 676 878 741 Rcinberdsbrann
899 676 1052 740 dhaldsst
1072 676 1140 739 den
1161 677 1326 742 deutschen
1344 677 1447 742 Orden
1463 679 1570 743 sciscere

362 775 436 858 Hos
451 797 495 839 an
516 776 571 839 der
592 775 886 840 Lehmacmsbra'icke
905 794 946 840 aa
968 773 1096 856 Erfurl.

416 895 505 965 Wyss,
529 894 586 948 ΠΒ.
613 893 661 947 der
678 893 973 948 Deutecbordcasballei
996 893 1101 948 Hersen
1118 893 1142 951 1.
1161 891 1213 951 Nr.
1224 897 1285 948 397.
1310 893 1400 962 (Here.
1419 895 1476 950 ΗΒ.
1491 895 1568 952 Pabl.

461 982 486 1037 d.
499 982 604 1036 Reuss.
620 982 662 1036 St.
671 982 706 1040 A.
724 981 778 1035 Bd.
789 981 866 1049 ΙΙΙ.)

340 1088 407 1154 Nos
436 1087 662 1172 Marquardus,
686 1086 797 1152 divina
823 1089 1030 1171 permissione
1056 1087 1172 1170 abbas,
1200 1079 1367 1173 totumque
1393 1091 1567 1174 capitulum

260 1191 444 1252 monasterii
460 1189 493 1251 in
514 1186 766 1251 Reinherisburn
787 1188 1044 1270 recognoscimus
1067 1192 1229 1251 alnetum
1251 1187 1389 1252 facimus
1410 1191 1567 1254 universis

260 1295 324 1351 tam
350 1285 552 1371 presentibus
589 1306 687 1369 quam
712 1285 838 1363 futuris,
874 1291 1035 1368 presentes
1068 1285 1188 1348 litteras
1220 1285 1388 1366 audituris,
1415 1286 1499 1370 quod
1528 1289 1567 1351 de

260 1386 449 1450 multimoda
475 1385 636 1470 honestate
663 1389 694 1448 et
709 1383 783 1447 fidei
801 1387 984 1448 constancia
1002 1383 1236 1448 honorabilium
1255 1383 1406 1464 virorum,
1422 1385 1568 1449 videlicet

260 1485 364 1548 fratris
381 1483 573 1547 Hartmauni
596 1483 739 1564 magistri
760 1481 874 1545 domus
891 1481 1159 1546 Theutonicorum
1176 1487 1206 1544 et
1223 1482 1418 1546 confratrum
1433 1504 1566 1548 suorum

259 1582 392 1646 firmiter
432 1585 669 1665 presumentes,
722 1579 761 1644 de
803 1599 962 1644 consensu
1012 1580 1103 1664 parili
1145 1585 1176 1642 et
1218 1581 1364 1643 unanimi
1407 1582 1567 1646 voluntate

260 1682 478 1745 concessimus
495 1681 574 1764 ipsis
593 1681 716 1742 curiam
734 1685 875 1742 nostram
893 1681 927 1742 in
938 1677 1084 1742 Erfordia
1101 1681 1189 1741 iuxta
1202 1685 1330 1762 pontem
1348 1677 1568 1749 Libemannis-

260 1778 377 1841 bruhin
409 1779 502 1841 sitam
530 1779 614 1841 iusto
642 1776 823 1842 hereditatis
853 1778 956 1858 tytulo
977 1784 1129 1862 perpetuo
1151 1778 1389 1864 possidendam,
1418 1779 1462 1841 ita
1482 1799 1569 1859 saue,

259 1881 296 1938 ut
321 1876 361 1939 ad
397 1876 552 1939 indicium
580 1880 687 1938 nostre
708 1876 920 1959 proprietatis
954 1895 1125 1960 perquam
1147 1876 1324 1940 libertatem
1348 1877 1508 1940 civilitatis
1531 1879 1565 1939 in

259 1973 443 2038 Erfordensi
477 1973 570 2057 opido
597 1973 812 2059 possidemus,
839 1975 915 2038 dicti
942 1975 1054 2039 fratres
1080 1995 1182 2038 unum
1207 1975 1360 2039 fertonem
1388 1976 1509 2058 argenti
1536 1982 1567 2039 et

259 2078 323 2136 tres
351 2073 468 2136 solidos
488 2071 728 2136 Erfordensium
759 2071 961 2135 denariorum
988 2073 1019 2134 in
1048 2073 1128 2136 festo
1157 2072 1287 2137 Martini
1308 2074 1439 2138 ecclesie
1460 2080 1567 2136 nostre

259 2173 431 2234 camerario
454 2171 492 2235 de
514 2172 624 2236 eadem
645 2171 735 2233 curia
760 2169 820 2232 sub
842 2189 950 2232 annuo
972 2189 1071 2233 censu
1093 2171 1232 2252 solvant,
1258 2173 1316 2236 hoc
1338 2173 1567 2236 nichilominus

262 2270 383 2350 addite,
409 2275 465 2350 ut,
492 2270 518 2332 si
547 2269 662 2352 aliquis
691 2267 742 2331 rol
768 2267 867 2351 aliqui
895 2267 1047 2331 heredum
1071 2278 1127 2333 aut
1155 2270 1346 2334 coheredum
1374 2270 1456 2334 dicte
1476 2273 1566 2334 curie

257 2373 390 2437 fortasse
415 2391 475 2436 uos
494 2374 683 2456 impeterent
712 2389 767 2454 pro
788 2370 984 2434 alieuacione
1005 2369 1186 2433 hereditatis
1210 2377 1349 2452 tempore
1369 2369 1568 2452 procedente,

258 2473 423 2534 memorati
451 2471 563 2534 fratres
584 2472 618 2533 in
640 2471 727 2532 omni
748 2488 846 2532 causa
865 2467 959 2531 nobis
981 2467 1116 2550 desuper
1140 2474 1319 2550 emergente
1339 2475 1448 2532 contra
1470 2488 1567 2551 quos-

259 2569 335 2634 libet
357 2575 477 2633 actores
498 2568 633 2632 fideliter
653 2587 687 2631 se
708 2587 763 2650 pro
785 2567 878 2631 nobis
901 2567 1031 2630 offerent
1051 2567 1241 2630 defensores,
1275 2563 1381 2628 Testes
1400 2565 1498 2628 huius
1519 2567 1565 2628 rei

259 2672 348 2730 sunt:
394 2667 543 2730 dominus
584 2665 750 2729 Cristanus
776 2668 944 2749 episcopus
974 2665 1184 2746 Sambiensis,
1224 2663 1374 2727 dominus
1404 2663 1565 2742 hibertus

260 2765 457 2847 lantgravius
477 2763 729 2846 Thuringorum,
758 2764 908 2827 dominus
935 2762 1008 2827 Otto
1030 2782 1136 2826 comes
1158 2761 1195 2825 de
1216 2759 1394 2841 Lutirberc,
1415 2760 1566 2826 dominus

256 2861 499 2926 Heidemannus
526 2861 564 2926 de
587 2862 687 2941 Eun,
715 2862 864 2925 dominus
899 2861 1106 2925 Hermannus
1134 2861 1172 2924 de
1197 2859 1422 2924 Hersilderode
1448 2861 1565 2924 milites

258 2966 289 3023 et
315 2961 368 3024 alii
397 2981 493 3044 quam
518 2960 635 3043 plures.
683 2959 721 3022 In
753 2962 846 3024 cuius
879 2961 954 3024 facti
986 2959 1171 3023 memoriam
1197 2958 1304 3022 literas
1338 2957 1395 3020 has
1423 2964 1565 3042 patentes

256 3059 369 3140 sigillis
390 3061 507 3122 nostris
529 3061 669 3140 signatas
690 3057 846 3122 conscribi
868 3057 988 3142 placuit
1008 3058 1046 3120 ad
1067 3057 1231 3121 cautelam.

336 3155 455 3221 Datum
471 3177 555 3220 anno
571 3155 700 3220 Domini
717 3157 886 3220 millesimo
902 3155 970 3220 000
981 3154 1143 3235 LXXXI„
1157 3153 1227 3218 VII.
1239 3153 1318 3218 Idus
1328 3152 1522 3219 Decembris.

170 3298 179 3313 ”
259 3353 371 3440 rasa.
399 3352 718 3454 septennes.
1524 3351 1563 3431 s.

355 3490 508 3553 Hdnrich
533 3510 592 3554 oon
613 3490 777 3554 Isserstedt
804 3493 927 3569 entsapt
954 3489 1061 3552 selben
1087 3486 1296 3567 desererem
1324 3486 1390 3567 aas
1413 3487 1473 3549 dea
1495 3487 1564 3550 dcun

359 3587 526 3652 deutschen
551 3586 655 3651 Ordca
674 3587 839 3669 pehdcdpcn
858 3586 932 3668 Hof
944 3587 991 3650 hei
1013 3587 1068 3650 der
1084 3585 1316 3650 Nicolaihirche
1335 3603 1377 3649 au
1393 3585 1521 3664 Idrfact.

409 3705 498 3776 Wysc,
528 3705 585 3760 ΗΒ.
610 3705 657 3758 der
688 3704 984 3759 Dentscbcrdensballcr'
1009 3703 1121 3770 Hersen,
1148 3702 1174 3757 I.
1203 3702 1256 3757 Nr.
1276 3703 1339 3757 406.
1393 3701 1483 3770 (Hess.
1504 3703 1563 3761 ΗΒ.

455 3793 566 3848 Reae
579 3793 685 3848 Prcass.
696 3794 736 3848 St.
749 3793 785 3848 Α
803 3791 938 3861 Βά,ΙΙΙ.)

334 3899 401 3963 Nos
428 3899 589 3963 Henricus
615 3899 831 3964 ministerialis
856 3900 896 3963 de
923 3899 1119 3963 Yschirstcte
1149 3918 1215 3962 una
1235 3917 1308 3961 eum
1332 3916 1433 3961 uxore
1455 3903 1562 3962 nostra

254 3998 411 4062 Luctardi
442 4000 700 4080 recognoscimus
739 4003 770 4061 et
805 4005 914 4061 tenore
946 3999 1147 4082 presencium
1182 3995 1309 4080 publice
1343 4001 1563 4080 protestamur,

255 4098 338 4181 quod
360 4117 417 4160 nos
439 4117 506 4160 uua
532 4116 606 4159 cum
627 4097 735 4179 pueris
761 4097 879 4159 uestris
908 4095 1057 4160 omnibus
1079 4097 1224 4158 unanimi
1248 4113 1407 4158 consensu
1428 4101 1459 4158 et
1481 4093 1563 4157 bona

253 4196 417 4259 voluntate
456 4195 725 4258 abrenonciamus
759 4196 846 4257 curie
885 4195 943 4258 site
983 4195 1067 4277 apud
1102 4214 1126 4259 s
1144 4193 1312 4257 Nicolaum
1347 4194 1380 4254 in
1410 4190 1563 4270 Erfordia,

254 4296 415 4379 quondam
442 4293 601 4358 Ludewici
625 4293 792 4356 kamerarii
814 4293 889 4356 dieti
917 4293 955 4356 de
974 4291 1167 4376 Meldingin‚
1190 4311 1278 4355 nunc
1299 4296 1406 4354 autem
1427 4289 1561 4354 fratrum

253 4394 291 4456 do
316 4393 409 4455 domo
432 4391 640 4470 Theutonica‚
672 4392 845 4455 donacione
871 4393 984 4454 sororii
1014 4394 1114 4455 nostri
1134 4392 1240 4455 fratris
1261 4390 1394 4454 Henrici
1415 4389 1559 4452 eiusdem

253 4492 376 4554 domus.
418 4490 655 4572 Resingnamus
682 4491 782 4553 eciam
811 4491 983 4574 predictam
1012 4509 1116 4553 aream
1145 4509 1218 4552 cum
1247 4491 1334 4552 omni
1360 4489 1448 4565 iure,
1475 4488 1560 4570 quod

255 4588 345 4650 nobis
377 4587 563 4670 conpetebat
597 4590 632 4651 iu
661 4591 801 4671 presenti
840 4588 891 4652 vel
926 4595 1092 4674 conpetere
1123 4595 1229 4674 posset
1262 4585 1497 4672 quomodolibet
1527 4587 1562 4649 iu
