3525 5209
488 380 718 441 Urkuudeubuch
736 380 786 439 der
804 380 888 439 Stadt
907 380 1010 439 Erfurt.
1046 382 1085 441 Il.
1095 381 1182 440 Theil.
1436 388 1488 445 705

262 538 412 601 Urbanus
438 539 617 620 episcopus,
647 556 759 600 servus
785 555 947 600 servorum
971 534 1029 600 Dei
1050 572 1087 581 —
1101 542 1263 583 ---¹
1285 539 1487 605 destinemus.

181 634 246 697 Nos
265 637 418 723 volentes,
441 636 523 718 quod
542 654 712 717 regnorum
735 654 772 697 ac
793 635 928 716 partium
951 640 981 697 et
997 635 1130 700 ducatus
1150 636 1361 719 predictorum
1387 640 1488 704 incole

180 734 217 796 ad
227 736 351 817 pietatis
359 753 452 817 opera
463 732 638 797 exercenda
649 750 686 795 eo
694 731 807 795 fortius
817 734 1007 805 animentur,
1020 752 1083 815 que
1094 734 1304 817 spiritualium
1316 757 1485 801 munerum

181 834 301 915 potiora
329 833 412 895 dona
440 831 500 895 sibi
518 831 593 894 inde
613 830 836 913 conspexerint
853 832 1035 913 provenire,
1060 832 1253 913 presentium
1275 833 1332 897 tibi
1353 839 1488 900 auctori·

180 936 243 994 tate
269 930 487 1004 concedimus,
519 935 555 992 ut
584 927 734 991 omnibus
766 947 839 991 vere
873 928 1087 1011 penitentibus
1112 936 1143 993 et
1170 931 1335 1011 confessis,
1367 934 1422 1016 qui
1448 935 1488 997 ad

179 1027 314 1092 fabricas
350 1028 486 1111 singulis
518 1046 559 1090 ex
592 1028 718 1109 triginta
750 1025 973 1109 hospitalibuS,
1012 1026 1050 1090 de
1082 1026 1200 1111 quibus
1234 1029 1291 1093 tibi
1321 1030 1489 1111 videbitur,

181 1146 296 1189 manus
324 1124 522 1210 porrexerint
552 1124 736 1204 autumnos,
771 1130 898 1187 centnm
922 1125 988 1187 dies
1009 1126 1047 1188 de
1068 1126 1221 1190 iniunctis
1242 1128 1287 1191 eis
1307 1130 1489 1211 penitentiis

182 1226 287 1289 valeas
314 1225 472 1300 relaxare,
495 1224 608 1287 litteris
635 1224 700 1286 tuis
731 1242 827 1306 super
851 1221 1059 1304 indulgentiis
1079 1224 1261 1288 huiusmodi
1288 1233 1394 1309 perte
1415 1249 1489 1292 con·

181 1324 330 1387 cedendis
362 1323 551 1385 decennium
579 1342 599 1383 a
628 1321 678 1383 die
707 1321 846 1402 ipsarum
873 1320 1048 1385 litterarum
1080 1326 1207 1385 tuarum
1239 1328 1490 1408 computandum

182 1421 314 1484 minime
350 1421 502 1485 valituris.
555 1417 673 1483 Datum
705 1418 789 1482 leuce
819 1417 890 1481 VIL
922 1417 1000 1483 Idus
1031 1419 1121 1499 Maii,
1157 1420 1359 1503 pontificatus
1390 1426 1489 1489 nostri

181 1540 266 1583 anno
285 1519 414 1583 decimo.

262 1617 433 1701 Cupientes
462 1618 572 1699 igitur,
604 1624 639 1681 ut
667 1616 819 1699 hospitale
846 1636 870 1679 s
893 1616 1042 1697 Spiritus,
1074 1615 1220 1700 Corporis
1241 1617 1368 1699 Christi,
1401 1620 1489 1688 beate

181 1717 281 1780 Marie
307 1717 455 1797 virginis,
485 1714 649 1792 s.Cruois,
676 1736 701 1779 a.
712 1714 853 1792 Martini,
878 1713 1127 1779 sBartholomei
1152 1722 1183 1779 et
1209 1716 1411 1783 aCatbariue
1433 1720 1489 1783 Er·

182 1816 329 1879 ferdense
355 1813 542 1895 Magantine
579 1814 712 1876 diocesis
751 1813 901 1894 congruis
940 1812 1114 1877 honeribus
1145 1811 1364 1897 frequentetur
1394 1824 1425 1881 et
1456 1825 1490 1883 ut

182 1914 297 1977 Christi
324 1911 432 1977 fideles
452 1931 489 1975 ee
508 1910 659 1975 hbeotius
682 1930 778 1975 cause
798 1910 975 1973 devotionis
996 1909 1160 1975 confluant
1180 1913 1218 1977 ad
1240 1914 1337 1994 illud,
1366 1936 1428 1999 quo
1450 1936 1490 1981 ex

182 2014 241 2076 heo
270 2011 383 2074 ibidenr
415 2011 497 2073 deno
523 2011 646 2074 celestis
673 2011 773 2093 gratie
799 2010 1023 2091 conspexerint
1047 2011 1184 2093 amplius
1213 2030 1246 2075 se
1273 2012 1421 2093 refectus,
1452 2015 1491 2079 de

183 2112 407 2193 omnipotentis
433 2108 494 2172 Dei
522 2108 736 2172 misericordia
760 2113 792 2171 ct
821 2106 870 2172 bb.
894 2106 979 2171 Petri
1007 2114 1038 2171 et
1058 2107 1150 2171 Pauli
1178 2110 1390 2193 apestolorum
1421 2114 1491 2177 eius

182 2210 304 2273 meritis
328 2216 359 2271 et
383 2209 608 2271 intercessione
628 2206 752 2285 confisi,
781 2205 930 2271 omnibus
953 2218 1025 2269 vere
1046 2208 1260 2289 penitentibus
1281 2215 1312 2273 et
1330 2210 1495 2293 confessis,

184 2310 238 2391 qui
261 2309 293 2370 in
317 2307 501 2383 nativitatis,
528 2307 794 2382 circumcisionis
814 2306 994 2387 epiphanie,
1015 2308 1272 2385 resurrectionis,
1290 2311 1492 2391 ascensionis,

183 2406 322 2489 corporis
353 2404 472 2466 domini
503 2404 603 2467 nestri
630 2403 746 2467 Christi
775 2409 807 2466 et
831 2404 1063 2486 penthecostes,
1094 2424 1217 2469 necnon
1248 2407 1281 2469 in
1309 2408 1492 2489 nativitatis,

183 2502 457 2580 annunciationis,
479 2500 707 2583 purificationis
727 2509 758 2565 et
777 2502 1005 2585 assumptionis
1031 2502 1059 2565 b.
1082 2502 1180 2566 Mario
1203 2505 1335 2587 virginis
1358 2512 1388 2570 et
1410 2508 1490 2570 nati·

184 2604 289 2667 vitatis
315 2600 505 2663 b.lohannis
528 2599 673 2682 baptiste,
693 2622 731 2664 ac
752 2601 965 2684 apostolorum
980 2600 1063 2665 Petri
1085 2608 1116 2665 et
1130 2600 1219 2666 Pauli
1234 2624 1271 2667 ac
1284 2602 1491 2669 dedicationis

183 2702 285 2783 ipsius
315 2698 477 2781 hospitalis
500 2697 737 2778 festivitatibus,
764 2700 853 2762 etin
885 2699 1063 2763 celebritate
1090 2702 1234 2763 omnium
1258 2707 1440 2766 sanctorum
1461 2708 1492 2767 et

184 2818 240 2882 per
253 2800 395 2883 ipsarum
412 2796 597 2873 nativitatis,
618 2797 800 2880 epiphanie,
820 2799 1072 2875 resurrectionis,
1094 2800 1289 2863 ascensionis
1306 2807 1337 2863 et
1353 2803 1493 2883 corporis

183 2895 313 2959 Domini
336 2896 442 2974 nestri,
460 2913 497 2957 ac
519 2896 690 2959 nativitatis
711 2902 741 2959 et
762 2896 988 2977 assumptionis
1010 2895 1039 2959 b.
1052 2895 1150 2960 Maris
1173 2916 1295 2961 necnon
1318 2900 1491 2963 nativitatis

183 3016 209 3059 s.
230 2993 381 3057 Iohannis
408 3000 440 3056 et
466 2991 516 3055 bb.
537 2992 624 3058 Petri
645 2998 677 3057 et
696 2992 787 3056 Pauli
816 2993 1030 3075 apestolorum
1054 2994 1266 3078 predictorum
1285 2994 1492 3061 festivitatum

184 3093 325 3170 octabas,
352 3112 389 3157 ac
416 3113 472 3177 per
499 3111 555 3155 sex
582 3092 665 3165 dies,
693 3091 809 3155 dictmn
836 3091 1037 3155 festivitatem
1068 3093 1286 3175 penthecostes
1312 3094 1493 3158 immediate

184 3198 362 3276 sequentes,
384 3191 535 3274 hospitale
552 3190 736 3273 predictum,
757 3190 842 3272 quod
865 3192 898 3253 in
921 3210 1054 3255 numere
1077 3191 1287 3273 hospitalium,
1309 3192 1341 3254 in
1365 3194 1493 3274 prefatis

183 3291 296 3354 litteris
317 3290 496 3373 apostolicis
510 3307 740 3371 expressorum,
762 3296 874 3370 quarto
897 3289 964 3352 loco
984 3291 1187 3353 nominamus
1205 3295 1236 3353 et
1252 3290 1492 3367 essevolumus,

184 3390 296 3453 devote
326 3389 524 3451 visitaverint
554 3392 584 3450 et
615 3387 653 3449 ad
685 3388 755 3449 eius
778 3385 931 3450 fabricam
961 3406 997 3451 ac
1025 3389 1286 3451 sustentationem
1313 3408 1489 3471 pauperum

184 3487 387 3550 infirmorum
402 3505 516 3549 manus
539 3485 736 3568 perrexerint
753 3484 930 3562 adiutriees,
945 3492 1074 3549 centum
1093 3486 1305 3568 predictarum
1316 3486 1491 3550 litterarum

183 3593 216 3651 et
253 3584 462 3668 quadraginta
500 3590 606 3647 nostre
636 3583 802 3661 legationis
836 3584 942 3665 vigore
970 3583 1010 3646 de
1040 3585 1193 3647 iniunctis
1226 3585 1273 3648 eis
1305 3575 1492 3666 penitenciis

186 3684 430 3747 misericorditer
458 3682 639 3745 relaxamus
665 3682 881 3764 presentibus,
909 3682 1013 3765 quoad
1040 3688 1168 3746 centum
1191 3682 1229 3745 ad
1251 3682 1439 3747 decennium
1463 3690 1494 3747 et

187 3783 396 3865 quadraginta
417 3783 484 3843 dies
504 3781 663 3863 perpetuis
684 3780 800 3843 futuris
821 3779 1017 3863 temporibus
1038 3779 1191 3844 valituris.
1231 3780 1376 3844 Ceterum
1400 3801 1493 3864 quas-

184 3901 314 3963 cunque
337 3880 415 3943 alias
446 3877 659 3958 indulgentias
684 3898 703 3940 a
728 3877 909 3941 reverendis
930 3879 963 3941 in
985 3877 1108 3941 Christo
1130 3878 1272 3961 patribus
1302 3879 1494 3961 patriarchis,

185 3979 427 4061 archiepiscopis
445 3983 475 4040 et
496 3977 650 4060 episcopis
672 3974 920 4059 quibuscunque
941 3976 1023 4039 dicte
1039 3975 1185 4058 hospitali
1200 3996 1380 4057 concessas,
1400 3986 1494 4059 prout

183 4079 244 4141 rite
265 4082 296 4139 et
316 4078 399 4139 iuste
419 4081 495 4138 sunt
514 4092 677 4155 concesse,
698 4075 960 4157 auctoritateque
979 4074 1144 4157 fungimur
1159 4073 1371 4157 approbamus
1386 4080 1494 4137 tenore

184 4176 380 4260 presentium
410 4179 441 4236 et
466 4172 707 4242 confirmamus,
749 4170 867 4235 Datum
899 4170 1045 4236 Erfurdie
1064 4171 1250 4255 Magantine
1278 4171 1411 4235 diocesis
1436 4171 1493 4236 Ill.

184 4272 215 4338 N
216 4294 265 4337 on.
277 4271 461 4336 Decembris
479 4291 561 4334 anno
573 4269 703 4334 Domini
721 4270 889 4334 millesimo
907 4272 1127 4335 nocentesimo
1142 4271 1356 4353 octuagesimo
1375 4274 1493 4349 octavu,

185 4372 296 4456 prefati
318 4371 438 4435 demini
458 4370 558 4433 nostri
580 4387 659 4453 pape
679 4388 763 4432 anno
784 4369 962 4435 undecimo.

257 4489 265 4518 ¹
285 4488 355 4541 Hier
370 4484 622 4541 mommoriacensi
640 4485 690 4539 mit
707 4483 756 4539 der
772 4484 901 4539 erismae
918 4484 972 4540 Nr.
982 4488 1042 4539 974.

240 4695 416 4749 eminuisse.
427 4696 465 4736 rr.
475 4693 498 4735 a,
513 4688 675 4735 nranxxrv.
694 4692 715 4733 a
