3525 5209
302 390 355 443 656
666 388 939 462 Gcsehichtsqucllco
959 387 1008 447 der
1026 389 1106 451 Prov.
1119 393 1249 451 Sacbsen.

304 558 414 643 isso.
442 558 636 640 Februnr
664 561 720 640 11.
751 560 1085 658 lletilgenstndt.
1507 560 1606 648 aro.

402 696 508 779 Adolj}
531 694 718 777 Erebiscbof
733 716 791 760 ron
812 697 937 773 Maiae,
959 702 1097 777 ycstcttct
1118 699 1169 759 {lie
1185 698 1359 779 iurtepuuq
1378 700 1432 760 das
1451 698 1608 761 Murtias-

401 796 568 875 hospitales
588 814 647 856 con
670 794 738 857 dem
760 795 978 859 Fisclrmorlrtc
1001 814 1055 858 cor
1075 796 1133 858 dos
1155 796 1403 878 Kru'r'mpfertlcor.

452 914 497 970 Or,
518 914 554 965 im
575 912 730 981 KplStd.
750 928 783 965 xo
804 912 842 967 M.
879 912 943 970 sd.

380 1036 540 1109 rlrloltlus,
573 1035 627 1097 llei
652 1038 752 1117 gratia
782 1056 806 1099 s.
826 1036 1012 1119 llaguutiue
1035 1038 1117 1099 sedis
1138 1038 1405 1121 archiepiscopus,
1432 1058 1454 1100 s.
1478 1039 1494 1100 i.
1518 1059 1545 1121 p.
1569 1041 1606 1099 u.

299 1134 610 1214 archicancellarius,
640 1134 798 1196 univorsis
826 1140 856 1196 ct
883 1134 1034 1215 singulis,
1062 1134 1098 1197 od
1130 1154 1209 1218 quos
1232 1144 1391 1217 presentes
1416 1136 1517 1198 littere
1538 1156 1606 1219 pcr-

300 1237 451 1315 vcocrint,
472 1233 606 1296 salutem
628 1234 660 1294 in
683 1251 728 1310 eo,
749 1232 802 1313 qni
826 1239 873 1295 cst
896 1234 1038 1295 omnium
1063 1250 1135 1295 vera
1156 1234 1251 1297 salos.
1283 1232 1440 1315 Regimini
1464 1234 1605 1299 eiusdem

299 1344 406 1397 sancte
428 1332 613 1415 linguntine
640 1330 737 1406 sedis,
765 1350 861 1411 cluam
890 1330 996 1393 divine
1021 1331 1221 1413 providencie
1246 1332 1378 1395 altitudo
1406 1334 1517 1396 ceteris
1543 1333 1603 1395 dis·

299 1433 459 1518 posicione
496 1428 650 1512 singulari
689 1427 818 1511 protulit
847 1427 1019 1493 Almannie
1050 1428 1189 1493 ecclesiis
1221 1439 1251 1493 et
1281 1432 1364 1493 iuter
1394 1450 1447 1495 eas
1479 1432 1606 1515 speciali

299 1530 427 1593 lionoris
445 1529 641 1612 prerogativa
658 1527 830 1608 insignivit,
848 1526 1051 1609 presidentes
1067 1528 1152 1590 curis
1170 1526 1377 1590 sollicitamur
1394 1529 1554 1591 continuis
1576 1540 1607 1591 ct.
1633 1582 1643 1597 .

299 1628 426 1691 assidua
462 1626 669 1690 incditacione
699 1642 868 1703 urgemur,
904 1628 939 1687 ut
969 1627 1058 1688 iuxta
1088 1624 1203 1689 credite
1234 1626 1325 1688 nobis
1358 1626 1607 1709 dispensaciouis

298 1727 437 1789 cilicium
456 1724 655 1789 subditorum
674 1727 854 1785 nestrorum
877 1728 908 1784 ct
929 1723 1142 1800 ecclesiarum,
1164 1742 1285 1786 necnon
1310 1726 1432 1807 piorum
1457 1725 1605 1805 locorum,

298 1827 440 1889 omnium
470 1825 609 1887 maxime
631 1828 810 1883 nostrarum
831 1820 994 1883 civitatum
1017 1826 1048 1883 et
1069 1820 1203 1885 diocesis
1224 1820 1410 1903 Maguntine
1431 1824 1605 1887 conimodis

298 1932 329 1989 et
344 1924 523 2006 augmentis
542 1926 573 1983 et
590 1918 765 2003 specialiter
786 1918 824 1981 ad
846 1917 983 1998 laudem,
1001 1918 1133 2001 gloriam
1156 1928 1186 1982 ct
1207 1920 1357 1983 bonorem
1380 1922 1605 2005 omnipotentis

299 2020 356 2085 Dei
382 2018 598 2097 tendentibus
627 2019 658 2079 in
689 2036 825 2099 quorum
857 2016 1060 2099 prosperitate
1090 2018 1198 2099 utique
1225 2038 1447 2101 prosperamur
1475 2024 1506 2082 et
1530 2039 1604 2082 con-

298 2121 455 2187 fovemur.
490 2118 569 2199 iugi,
598 2122 753 2199 quantum
781 2113 873 2177 nobis
893 2114 932 2177 ab
964 2115 1026 2177 alto
1048 2134 1233 2178 cencessum
1256 2116 1363 2196 luerit,
1385 2116 1604 2180 sollicitudinis

297 2217 402 2279 studio
417 2216 627 2279 intendamus.
659 2212 829 2296 Cupientes
847 2214 944 2294 igitur
961 2215 1076 2276 nostris
1099 2213 1292 2296 temporibus
1313 2214 1458 2277 diuinum
1482 2214 1602 2277 cultum

297 2315 495 2398 uugniontari
526 2332 562 2375 ac
589 2330 764 2395 pauperum
796 2317 827 2374 ct
859 2310 1086 2374 miserabilium
1118 2330 1324 2394 personarum
1355 2314 1542 2395 indigenciis
1573 2323 1603 2375 ct

297 2413 519 2491 ‹sonrmoditati
539 2418 697 2493 quantum
713 2430 787 2473 cum
799 2406 866 2471 Deo
889 2428 1069 2491 possumus,
1091 2411 1213 2492 pietatis
1236 2411 1310 2473 moti
1333 2410 1445 2474 ellectu
1468 2410 1604 2493 benigne

297 2511 473 2595 providere,
506 2508 612 2573 libenti
645 2510 751 2571 aninlo
782 2507 820 2571 ad
856 2526 893 2570 ea
925 2507 1130 2586 inclinamur,
1165 2528 1219 2591 per
1251 2528 1313 2591 que
1342 2508 1471 2571 divinus
1497 2508 1603 2573 cultus

297 2617 521 2691 augmentatur
542 2616 572 2671 et
593 2626 768 2690 pauperum
791 2606 897 2687 inopie
918 2604 1102 2669 consulitur.
1134 2605 1213 2669 Cum
1237 2608 1343 2689 itaque
1365 2607 1464 2686 locus,
1486 2609 1518 2670 in
1540 2628 1603 2690 quo

297 2728 383 2771 nunc
417 2707 568 2789 hospitale
599 2704 683 2767 infra
714 2704 865 2766 terminos
898 2702 1084 2787 parochialis
1115 2703 1245 2768 ecclesie
1277 2705 1377 2767 sancti
1409 2704 1536 2769 Martini
1569 2708 1602 2768 iu

297 2811 392 2869 strata
421 2823 476 2866 seu
504 2805 570 2865 foro
595 2802 729 2884 piscium
751 2801 825 2863 dicti
846 2802 946 2863 nestri
969 2802 1052 2882 opidi
1076 2800 1280 2866 Erirudensis
1303 2813 1349 2866 est
1371 2806 1535 2882 situatum,
1563 2806 1604 2866 sit

298 2903 393 2965 itioris
408 2903 536 2963 strictus
554 2918 611 2962 nec
628 2900 727 2961 eciam
751 2905 876 2981 propter
896 2900 996 2982 ipsius
1020 2897 1077 2961 loci
1102 2901 1344 2965 strictitudinem
1366 2907 1397 2966 et
1419 2903 1600 2983 parvitatem

298 3000 416 3064 ibidem
437 2999 581 3082 ampliari
603 2999 761 3080 quonrodo
783 2995 983 3059 infirmorum
1006 2998 1117 3079 peterit
1140 3001 1324 3077 necessitas,
1348 3007 1440 3082 prout
1462 3002 1602 3083 ipsorum

296 3097 495 3161 infirmorum
531 3099 564 3159 in
597 3095 706 3159 eodem
740 3114 812 3177 sepe
844 3095 1029 3177 degeneiom
1062 3096 1193 3177 requirit
1223 3098 1405 3176 paeesius,
1441 3098 1486 3160 sic
1518 3098 1600 3180 quod

296 3216 395 3277 peuce
419 3214 551 3278 persone
582 3195 616 3257 in
644 3193 726 3256 dicto
754 3192 898 3276 hospitali
931 3199 1063 3274 possunt
1089 3192 1246 3273 collocari,
1278 3195 1507 3279 propterquod
1529 3214 1603 3279 sepe

296 3296 462 3373 contingit,
484 3292 568 3376 qnod
589 3310 705 3374 magna
725 3288 926 3353 infirmorum
949 3298 977 3353 et
1000 3311 1172 3374 pauperum
1197 3292 1374 3371 multitude,
1396 3312 1457 3375 qne
1478 3292 1602 3375 inipso

297 3391 441 3455 collocari
488 3396 615 3474 propter
648 3390 717 3451 eius
754 3388 998 3451 strictitudinem
1034 3398 1063 3451 et
1097 3393 1280 3473 parvitatem
1316 3410 1378 3453 non
1411 3380 1526 3473 potest,
1568 3392 1600 3453 in

297 3489 403 3553 stratis
441 3487 575 3571 publicis
613 3488 682 3550 sine
718 3486 861 3569 hospitiis
902 3494 932 3549 ct
966 3495 1046 3550 tecto
1078 3490 1241 3551 nocturnis
1273 3491 1371 3551 eciam
1407 3488 1602 3570 temporibus

295 3586 516 3651 miserabiliter
545 3596 627 3649 stare
659 3586 782 3665 cogitur
812 3589 844 3646 et
874 3602 1051 3660 remanere,
1081 3593 1111 3647 et
1141 3585 1223 3650 dicta
1255 3586 1384 3650 ccclesia
1416 3587 1602 3671 parochialis

295 3706 318 3748 s.
331 3684 457 3747 Martini
480 3685 554 3747 dicti
572 3683 656 3766 opidi
669 3682 881 3761 liriurdensiS,
904 3702 965 3763 quo
982 3683 1095 3745 situata
1114 3691 1161 3747 est
1183 3686 1213 3747 io
1239 3686 1400 3748 cornoruoi
1424 3691 1454 3747 et
1474 3683 1601 3767 publico

295 3785 362 3846 loro
389 3784 524 3865 piscium
554 3783 629 3845 dicti
660 3782 758 3845 nostri
790 3781 909 3862 oppidi,
941 3785 976 3843 ut
1005 3783 1208 3863 premittitur,
1238 3784 1363 3847 nullum
1387 3792 1511 3867 propter
1532 3784 1602 3847 eius

295 3882 539 3947 strictitudinem
558 3881 671 3944 habeat
689 3882 903 3961 cynriterium,
935 3902 992 3944 nec
1013 3884 1198 3963 contiguum
1220 3902 1278 3947 nec
1302 3882 1487 3959 mediatum,
1515 3880 1600 3965 quod

294 4000 353 4044 nec
393 3981 492 4043 eciem
529 3979 636 4061 aliquo
668 3979 760 4041 modo
789 3987 916 4062 propter
947 3982 1042 4062 spacii
1072 3988 1101 4043 ct
1130 3980 1188 4043 loci
1217 3980 1390 4043 carentiam
1423 3978 1540 4042 ibidem
1572 3983 1603 4042 et

295 4078 450 4142 defectum
484 4077 589 4140 baberi
621 4084 734 4159 potest,
771 4085 898 4160 propter
929 4076 1013 4159 (puod
1042 4079 1152 4141 lunera
1180 4086 1375 4142 mortuorum
1408 4076 1445 4141 ad
1478 4077 1600 4140 diversa

294 4178 428 4240 aliarum
456 4176 660 4239 ecclesiarum
686 4176 838 4237 cimiteria
864 4183 983 4259 oportet
1010 4176 1179 4259 deportari,
1208 4182 1333 4240 etcum
1359 4178 1391 4238 in
1414 4176 1496 4239 dicto
1517 4193 1601 4239 eom·

294 4277 384 4339 muni
412 4274 478 4337 fore
511 4272 652 4355 undique
680 4274 762 4335 circa
789 4274 903 4336 dictam
926 4275 1087 4337 ecclesiam
1110 4282 1139 4337 et
1160 4274 1339 4337 immediate
1361 4276 1400 4337 sit
1421 4273 1601 4336 communis

294 4381 327 4436 et
344 4375 495 4455 frequens
512 4391 663 4435 cunnum
681 4377 710 4433 et
725 4378 916 4434 carretarum
929 4371 1089 4441 transitus,
1111 4390 1265 4455 equorum
1278 4392 1391 4437 cursus
1402 4380 1432 4435 et
1452 4372 1601 4455 strepitus

294 4472 478 4547 homiuum,
510 4490 547 4531 ac
587 4470 703 4532 ibidem
742 4470 921 4532 immediate
960 4472 1049 4533 iuxta
1077 4470 1209 4533 eandem
1240 4471 1401 4533 ecclesiam
1436 4468 1600 4553 publicum

296 4569 436 4631 seculare
464 4568 616 4630 iruliciuni
644 4568 770 4629 cottidie
799 4574 829 4630 ct
859 4568 997 4649 utrolibet
1030 4569 1080 4631 die
1108 4576 1251 4631 seruum·
1272 4578 1302 4631 et
1322 4576 1505 4633 exerceatur
1525 4586 1599 4630 cum
