3525 5209
494 393 723 463 Urlrundenbuch
740 407 790 462 der
808 404 892 462 Stadt
910 395 1016 462 Erfurt.
1053 392 1092 460 lt.
1104 395 1191 461 rhed.
1443 401 1494 463 607

190 557 365 624 Henricum
388 561 426 624 de
447 561 671 643 Meyninghen,
691 559 891 622 Fredericum
907 557 1115 641 Rosinmnig,
1136 557 1311 622 Henricum
1335 559 1373 622 de
1388 559 1496 623 Gozir-

190 666 276 737 stete,
297 659 472 722 Henricum
493 659 532 721 de
555 658 727 737 Bechstete,
748 657 970 721 Hermannum
991 656 1114 739 Stange,
1134 656 1311 720 Henricum
1326 657 1364 719 de
1382 657 1494 721 Kuncz

189 765 220 819 et
242 757 418 819 Henricum
440 757 478 836 de
500 756 618 820 Remde
639 757 785 819 consules
807 757 880 818 dicti
904 755 987 838 opidi
1009 754 1222 834 ErfurdensiS,
1255 763 1412 838 quatenus
1436 758 1495 840 ipsi

190 854 394 937 personaliter
416 856 497 918 etin
521 875 631 918 eorum
653 855 786 936 propriis
808 855 959 935 personis,
981 861 1011 915 et
1030 871 1140 914 omnes
1155 853 1233 915 alios
1251 855 1446 936 supradictos
1462 857 1494 918 iu

182 949 412 1017 ’commissione
444 959 606 1016 contentos
640 962 670 1015 et
697 971 752 1034 per
782 971 815 1014 se
843 951 893 1013 vel
922 970 1031 1014 corum
1058 961 1274 1033 procuratores
1303 953 1340 1014 ad
1366 972 1496 1017 causam

107 1082 114 1100 ·
190 1070 247 1114 seu
274 1071 386 1115 causas
414 1053 510 1114 huius
538 1050 731 1113 sufficienter
760 1051 930 1112 instructos
961 1068 1033 1111 cum
1066 1049 1215 1111 omnibus
1242 1051 1335 1128 actiS,
1365 1052 1497 1130 iuribus

192 1152 414 1213 instrumentis
435 1158 465 1212 et
486 1149 710 1224 munimentis
733 1167 861 1210 causam
886 1149 981 1210 buius
1007 1146 1217 1228 tangentibus,
1245 1154 1328 1210 certo
1354 1151 1497 1227 termino,

193 1250 225 1310 in
245 1249 337 1312 dictis
359 1247 457 1311 literis
469 1252 659 1330 expressato,
679 1265 784 1308 coram
808 1264 845 1308 eo
867 1245 917 1308 rel
939 1245 1035 1308 altero
1057 1247 1281 1325 commissario,
1296 1246 1399 1310 forsan
1424 1251 1449 1311 si
1463 1250 1497 1310 in

193 1348 251 1409 bac
272 1367 368 1410 causa
388 1347 597 1426 surrogando,
618 1350 834 1427 comparerent
853 1343 891 1406 de
906 1350 937 1406 et
955 1363 1049 1426 super
1065 1345 1264 1406 contentisin
1277 1348 1498 1410 commissione

193 1445 331 1527 predicta
359 1445 397 1506 de
432 1444 557 1506 iusticia
593 1443 775 1525 responsuri
810 1441 935 1524 aliaque
966 1441 1093 1515 dicturi,
1128 1441 1240 1505 tacturi
1274 1449 1304 1505 et
1334 1447 1498 1527 recepturi,
1525 1459 1527 1464 ’

194 1561 257 1624 que
278 1544 353 1605 ordo
375 1543 505 1604 dictaret
519 1543 663 1604 racionis.
705 1539 816 1601 Voluit
831 1541 929 1601 eciam
943 1545 974 1602 et
986 1540 1122 1622 predicta
1136 1540 1304 1622 apostolica
1315 1545 1498 1606 auctoritato

191 1641 341 1720 decrevit,
363 1640 447 1722 quod
470 1641 575 1702 citatio
596 1659 655 1701 sua
679 1636 818 1720 predicta
838 1639 879 1700 sit
902 1637 980 1700 lecta
993 1645 1022 1700 et
1034 1645 1175 1716 executa,
1198 1641 1351 1701 utcitatos
1372 1640 1498 1702 eosdem

192 1740 238 1799 sic
258 1745 381 1817 artaret,
401 1758 438 1800 ao
464 1739 490 1800 si
517 1739 549 1799 in
579 1756 688 1799 eorum
716 1736 849 1818 propriis
876 1737 1019 1817 personis
1043 1736 1121 1797 lecta
1140 1743 1171 1797 et
1197 1737 1357 1799 insinuata
1380 1738 1500 1815 fuisset,

195 1843 288 1918 prout
314 1837 370 1897 lrec
399 1843 430 1898 et
455 1836 517 1898 alia
543 1836 575 1896 in
603 1835 695 1897 dictis
724 1833 821 1896 literis
843 1834 969 1916 plenius
990 1835 1201 1896 continentur.
1244 1832 1498 1918 Quibusquidem

196 1933 293 1996 literis
314 1934 465 1995 citatoriis
487 1936 532 1995 sic
543 1933 676 1995 decretis
697 1940 727 1994 et
750 1933 787 1994 de
811 1934 950 2015 ipsarum
975 1933 1162 1994 executione
1177 1933 1320 1994 nondum
1338 1933 1500 2014 iactafide,

193 2033 310 2114 pretato
336 2032 463 2093 domino
495 2033 644 2112 Gregorio
672 2051 752 2114 papa
780 2029 847 2108 XI,
874 2031 957 2092 sicut
982 2029 1133 2092 altissimo
1155 2028 1281 2111 placuit,
1311 2030 1434 2093 sublato
1464 2032 1501 2095 do

196 2130 299 2192 medio
321 2137 352 2190 et
373 2131 572 2192 sanctissimo
594 2130 625 2189 in
650 2127 772 2191 Christo
793 2135 879 2210 patre
901 2134 931 2190 ct
947 2127 1074 2190 domino
1091 2134 1205 2204 nostro,
1227 2127 1354 2189 domino
1374 2129 1499 2192 Urbano

194 2228 301 2290 divina
333 2227 529 2310 providentia
550 2247 630 2309 papa
653 2226 703 2287 VI.
724 2227 762 2288 ad
788 2228 908 2310 apicem
936 2227 1053 2288 summi
1075 2225 1267 2307 apostolatus
1288 2234 1449 2310 assumpto
1471 2237 1501 2290 et

194 2326 317 2403 deinde,
350 2325 432 2386 dioto
454 2325 581 2387 domino
610 2323 702 2386 Petro
730 2323 881 2386 cardinali
910 2324 948 2386 do
970 2322 1112 2385 Romana
1140 2324 1227 2385 curia
1255 2343 1288 2386 se
1309 2324 1501 2404 absentante,

196 2423 278 2484 idem
309 2422 457 2484 dominus
479 2430 597 2497 noster,
633 2422 781 2484 dominus
802 2421 952 2484 Urbanus
978 2442 1057 2504 papa
1082 2421 1133 2483 Vl.
1165 2441 1291 2484 causam
1325 2431 1355 2484 et
1388 2443 1501 2486 causas

196 2520 349 2602 predictas
370 2527 495 2603 propter
513 2519 620 2602 prefati
643 2519 762 2582 doruiui
784 2519 869 2582 Petri
887 2520 1054 2582 cardinalis
1072 2519 1252 2581 absc‘nciam
1264 2519 1355 2581 nobis
1368 2520 1498 2584 lolianni

196 2619 346 2680 cardinali
368 2619 548 2700 supradicto
574 2619 608 2680 in
636 2625 733 2697 statu,
768 2637 831 2700 quo
863 2616 974 2680 ultimo
1005 2637 1109 2679 coram
1143 2617 1225 2679 dioto
1260 2617 1386 2680 domino
1409 2619 1501 2682 Petro

195 2714 347 2778 cardinali
379 2720 612 2791 remanserant,
647 2715 853 2778 resumendas
885 2717 1043 2778 commisit
1073 2722 1103 2777 et
1133 2716 1265 2778 ulterius
1299 2716 1503 2797 audiendum,

195 2812 403 2875 decidendum
431 2818 461 2875 at
484 2814 552 2874 sine
580 2811 684 2875 debito
713 2814 949 2875 terminandum
979 2831 1053 2876 cum
1082 2811 1232 2875 onmibus
1258 2814 1502 2895 emergentibus,

196 2910 449 2994 dependentibus
476 2917 506 2972 et
527 2911 688 2973 connexis.
732 2910 831 2974 Cuius
852 2911 980 2993 quidem
1002 2911 1235 2973 commissionis
1259 2912 1367 2992 vigore
1388 2932 1447 2974 nos
1468 2915 1500 2975 in

196 3028 292 3071 cansa
321 3027 376 3072 seu
405 3010 510 3071 causis
535 3009 717 3071 huiusmodi
740 3011 798 3072 rite
826 3007 1043 3091 procedentes,
1064 3009 1102 3070 ad
1129 3007 1255 3071 discreti
1279 3009 1339 3070 riri
1362 3011 1503 3091 magistri

195 3105 301 3187 Doyni
331 3107 369 3169 de
397 3105 506 3169 Remis
535 3108 567 3169 iu
596 3105 740 3170 Romana
768 3109 857 3170 ouria
886 3114 916 3169 et
948 3107 1140 3188 prefatorum
1160 3107 1361 3169 dominorum
1384 3108 1504 3188 decani,

195 3206 421 3268 canonicorum
442 3212 473 3267 et
492 3205 621 3287 capituli
642 3204 773 3268 ecclesie
795 3226 817 3268 s.
828 3205 927 3268 Maria
938 3204 1144 3274 Ertordensis,
1168 3203 1353 3287 Maguntine
1363 3205 1503 3286 diocesis,

195 3302 417 3386 principalium
460 3305 671 3384 procuratoris
710 3305 912 3382 instanciam,
959 3311 1050 3386 prout
1093 3303 1132 3365 de
1179 3322 1236 3366 sue
1272 3306 1502 3385 procurationis

198 3400 346 3463 mandato
377 3399 471 3463 nobis
502 3400 640 3482 legitime
673 3400 836 3464 constabat
865 3407 896 3463 et
917 3407 1047 3478 constat,
1077 3400 1273 3483 supradictos
1292 3397 1432 3464 'silonem
1464 3403 1502 3465 dc

197 3499 314 3562 Sacbsa
334 3536 373 3544 -
395 3537 433 3544 —-
454 3537 494 3544 —
515 3503 568 3545 -3
589 3498 736 3562 consules
757 3499 831 3561 dicti
855 3499 939 3582 opidi
961 3517 1118 3561 acomnes
1133 3499 1211 3561 alios
1228 3500 1503 3581 supranominatos

197 3598 236 3659 ad
268 3597 437 3660 dicendum
467 3602 497 3660 et
529 3598 767 3680 opponendum,
797 3597 950 3679 quicquid
983 3597 1085 3660 dicere
1120 3597 1166 3659 vel
1201 3616 1357 3679 opponere
1389 3598 1503 3660 vellent

199 3695 294 3756 verbo
316 3694 364 3756 vol
388 3696 420 3756 in
444 3697 569 3778 scriptis
590 3703 698 3758 contra
712 3697 968 3758 commissionem
989 3694 1090 3769 nobis,
1112 3702 1147 3758 ut
1166 3696 1365 3778 premittitur,
1382 3695 1506 3771 iactam,

197 3800 228 3855 ot
248 3792 360 3854 deiude
382 3793 420 3854 ad
441 3792 667 3856 resumendum
690 3814 818 3856 causam
840 3801 870 3857 et
891 3814 1003 3856 causas
1025 3793 1251 3856 huiusmodiiu
1270 3800 1363 3872 statu,
1385 3793 1417 3855 in
1440 3816 1502 3878 quo

199 3893 310 3954 ultimo
353 3912 457 3953 coram
500 3894 679 3974 supradicto
721 3894 849 3955 domino
880 3892 972 3954 Petro
1006 3893 1158 3954 cardinali
1186 3897 1415 3969 remanserant,
1450 3912 1506 3975 per

198 3991 396 4052 arrdienciam
440 3989 597 4071 publicam
634 3991 808 4053 litterarum
846 3991 1110 4052 contradictarum
1144 3990 1264 4052 domini
1293 3990 1392 4051 nostri
1425 4009 1504 4073 papo

197 4089 286 4149 citari
308 4087 530 4150 marnlavimus
550 4097 581 4151 et
601 4089 734 4152 fecimus
755 4089 795 4152 ad
817 4095 919 4151 certos
937 4089 1143 4171 peremptorie
1157 4089 1308 4150 terminos
1326 4090 1504 4150 successivo

198 4190 410 4268 competentes
432 4203 504 4247 cum
528 4186 650 4248 dierum
673 4185 924 4270 competentibus
951 4185 1132 4248 intervallis.
1175 4185 1212 4248 In
1236 4184 1352 4267 quibus
1375 4187 1502 4268 quidem

198 4284 343 4346 terminis
366 4284 513 4365 magistro
533 4281 647 4363 Doyno
679 4284 717 4347 de
737 4283 853 4364 Remis,
887 4290 1086 4366 procuratore
1118 4283 1264 4365 predicto,
1292 4286 1504 4366 procuratorio

197 4383 341 4460 nominc,
373 4401 435 4463 quo
458 4401 568 4462 supra,
597 4401 702 4444 coram
735 4382 828 4446 nobis
859 4382 1048 4445 iudicialiter
1075 4389 1274 4464 comparente
1300 4392 1330 4442 ot
1351 4382 1504 4464 quasdam

198 4481 353 4542 dictarum
375 4481 559 4542 citationum
582 4480 709 4541 cedulas
731 4481 762 4542 iu
781 4481 942 4543 audientia
958 4479 1082 4562 publica
1095 4480 1346 4562 predictalectas,
1367 4481 1505 4561 signatas

198 4584 229 4640 et
250 4579 401 4662 sigillatas
423 4583 665 4659 representante,
686 4579 851 4641 citatorum
880 4580 914 4640 in
942 4578 1059 4640 eisdem
1088 4585 1306 4640 contentorum
1333 4593 1395 4638 nou
1418 4596 1503 4638 oom-
