3525 5209
290 368 307 419 4
653 362 927 435 Gescbichtsquelleu
946 364 995 418 der
1012 363 1091 417 Prov.
1103 360 1234 419 Sachaun.

292 520 385 597 prout
406 516 437 578 in
461 514 573 579 litteris
594 517 710 578 nostris
731 516 866 598 desuper
886 515 1037 579 confectis
1051 514 1177 597 plenius
1198 515 1389 591 continetur,
1409 513 1466 576 bec
1478 513 1606 576 eodeni

290 619 374 675 certo
404 612 485 675 bona
512 614 544 675 iu
573 612 655 675 villis
676 611 879 689 Rudinstete‚
905 612 1095 696 Alpemtote,
1120 611 1209 675 Nede
1230 618 1261 674 et
1288 612 1322 674 iu
1344 610 1547 675 Ornnelrborn
1570 618 1609 673 ct

293 713 323 771 in
347 710 466 793 campis
487 710 659 773 eorundem
682 710 828 773 villorum
851 711 911 773 sita
933 709 1100 773 observare
1120 710 1324 791 promisimus
1350 708 1551 772 inviolabiter
1572 716 1610 771 et

291 809 504 891 promittimus
531 806 671 891 quolibet
692 809 761 871 sine
782 808 860 871 dolo.
904 807 941 870 ln
964 826 1101 889 quorum
1122 808 1337 871 testimouium
1360 807 1464 890 sigilla
1482 814 1608 883 nostin,

291 924 349 969 nos
371 904 577 969 Hermaunus
605 912 636 969 et
656 904 755 969 Jutlru
781 907 932 987 coniuges
953 906 1098 989 predicti,
1124 905 1242 988 quibus
1263 909 1295 968 et
1315 924 1373 987 ego
1394 904 1607 969 Hermannus

291 1009 384 1067 notus
417 1001 437 1065 J
442 1003 514 1066 utbe
551 1003 688 1087 predicte
719 1004 859 1086 prefatus
890 1010 1054 1067 contentor
1086 1005 1146 1066 ists
1176 1005 1258 1079 vice,
1296 1002 1495 1086 presentibus
1524 1012 1606 1065 sunt

291 1120 436 1184 appenso.
478 1099 598 1164 Datum
619 1121 703 1163 auno
726 1099 856 1163 Domini
879 1100 1122 1178 M⁰OOO⁰XXI⁰‚
1145 1100 1197 1163 VI.
1239 1100 1316 1164 Idus
1336 1100 1538 1183 Septembris.

294 1312 402 1395 1321.
427 1312 679 1414 September
706 1315 743 1395 tl.
1558 1314 1602 1394 6.

391 1448 498 1529 uuna,
538 1446 647 1511 Witwc
669 1447 851 1511 Herrununs
879 1470 938 1513 von
960 1448 1187 1525 &odenheim
1216 1451 1289 1530 jctvt
1321 1449 1489 1513 Gemoltliu
1518 1448 1603 1512 Her-

391 1566 506 1609 ruouus
526 1545 580 1609 des
589 1545 764 1627 Jtinycrcn,
787 1546 980 1610 Morsclalls
997 1548 1033 1610 in
1044 1546 1253 1625 Holrbouseu,
1273 1548 1343 1611 rino
1360 1548 1524 1610 Hnuroun
1541 1568 1604 1609 con

398 1640 626 1721 &ottenheim
669 1645 725 1706 der
769 1649 903 1707 mstcrcu
941 1645 1043 1722 soto,
1085 1646 1283 1725 ucrsprecbcn
1320 1646 1389 1709 dou
1428 1644 1493 1707 Rae
1541 1666 1604 1708 eon

391 1740 510 1821 Erfurt
538 1741 589 1803 die
614 1741 750 1805 Gcwcilvr
773 1762 872 1823 rueoeu
894 1743 948 1805 des
983 1745 1040 1806 urit
1060 1744 1124 1805 ihm
1149 1745 1398 1823 ciugegangcrvcu
1427 1743 1605 1823 Vcrlcoufes

393 1838 477 1901 ihrer
493 1836 594 1902 Giiter
613 1860 654 1903 eu
675 1838 908 1917 monentem
927 1842 973 1903 sic
993 1842 1100 1904 rootlen
1118 1840 1199 1903 auctr
1220 1840 1280 1903 dos
1291 1841 1395 1905 leben
1412 1841 1549 1904 durttber
1569 1861 1605 1905 so

393 1934 484 2016 louge
503 1935 651 2013 botontino,
673 1936 720 2000 bis
739 1938 794 2000 der
805 1936 870 2001 Rot
887 1938 995 2001 ἀθεεθη
1013 1938 1217 2021 Auflossuug
1236 1959 1291 2002 vor
1311 1940 1381 2002 dem
1401 1938 1602 2002 Lelmsbcrvnr

287 2126 290 2130 .
393 2032 523 2115 erbzngt.

446 2150 491 2207 Or.
500 2152 550 2205 mit
558 2151 584 2207 S.
595 2153 632 2205 im
642 2152 705 2221 Kgl.
716 2152 753 2210 St.
766 2155 800 2211 A.
811 2171 846 2207 zu
857 2153 895 2209 M.

374 2255 441 2319 Nos
460 2256 568 2334 lotha,
596 2257 703 2321 relicta
725 2259 886 2342 quondam
907 2258 1084 2323 Hermanni
1104 2259 1143 2321 de
1163 2258 1403 2336 Stuthirubeim,
1420 2275 1508 2319 nunc
1528 2275 1605 2319 con-

295 2353 425 2417 thoralis
458 2355 517 2417 viri
552 2358 673 2421 strenui
708 2356 885 2421 Hermanni
913 2358 1048 2420 iunioris
1074 2356 1236 2421 marscalci
1263 2357 1298 2419 in
1324 2354 1546 2434 Holoahusen‚
1573 2363 1606 2417 et

295 2449 508 2530 Hermaunus‚
529 2451 615 2519 filius
636 2472 725 2531 suus,
745 2456 1001 2536 recognoscimus
1017 2453 1142 2539 publice
1157 2472 1212 2535 per
1232 2459 1402 2535 presentes,
1424 2455 1507 2537 quod
1527 2475 1605 2519 cou-

295 2554 413 2613 tractus
435 2549 520 2613 illius
542 2568 598 2615 seu
616 2550 812 2615 vendicionis
829 2550 985 2615 bonorum
1000 2557 1179 2615 nostrorum
1194 2552 1339 2615 omnium
1356 2559 1388 2614 et
1403 2552 1604 2635 singulorum

295 2652 358 2709 tom
383 2648 414 2709 in
438 2647 527 2726 villo,
550 2667 644 2730 quam
667 2649 699 2711 in
723 2650 842 2731 campis
865 2649 938 2713 ville
959 2650 1166 2713 Stutirnhcim
1187 2650 1331 2729 sitorum,
1351 2668 1448 2732 quem
1461 2657 1493 2713 et
1504 2670 1604 2733 quam

296 2764 368 2807 cum
391 2746 468 2809 viris
492 2744 729 2809 honorabilibus
755 2747 915 2829 magistris
937 2746 1122 2823 consulum,
1147 2746 1334 2811 oonsulibus
1354 2754 1385 2809 et
1405 2748 1605 2812 universitati

295 2842 412 2906 civium
425 2842 663 2907 liriordensium
688 2843 838 2926 legittime
860 2845 1013 2907 inivimus
1035 2850 1065 2908 et
1085 2844 1228 2921 fecimus,
1248 2846 1332 2907 iusta
1353 2846 1528 2909 secundum
1551 2847 1604 2909 ius

296 2949 377 3003 terre
405 2940 576 3023 Thuringie
604 2948 635 3005 et
661 2942 798 3005 civitatis
828 2941 1025 3005 Erfordensis
1059 2942 1208 3007 volumus
1243 2949 1274 3005 et
1298 2944 1512 3025 promittimus
1533 2962 1605 3007 esse

297 3038 456 3100 warandie
476 3037 660 3120 simpliciter
682 3036 824 3120 qualibet
845 3040 914 3101 sine
934 3037 1014 3101 dolo.
1057 3038 1267 3102 Promisimus
1286 3041 1385 3102 eciam
1405 3046 1436 3103 et
1449 3042 1605 3123 promitti-

297 3154 369 3197 mus
384 3134 511 3216 preiatis
527 3135 683 3215 magistris
698 3134 875 3207 consulum,
887 3135 1073 3198 oonsulibus
1090 3142 1121 3199 et
1132 3137 1339 3215 universitati,
1355 3138 1440 3219 quod
1450 3136 1604 3201 lecudum

297 3232 451 3295 dictorum
478 3231 634 3294 bonorum
661 3232 841 3295 tenebimus
866 3233 899 3294 in
921 3241 1029 3295 nostra
1049 3235 1260 3315 possessione,
1282 3235 1327 3297 sic
1349 3235 1442 3316 quod,
1461 3235 1604 3315 quando-

297 3348 424 3409 cunque
451 3328 510 3417 ipsi
531 3328 638 3391 volent
658 3334 688 3391 et
710 3348 768 3391 nos
789 3330 1004 3411 requisierint,
1030 3330 1107 3410 ipsis
1129 3331 1159 3393 id
1181 3331 1331 3394 feoudrun
1354 3351 1459 3395 coram
1481 3331 1604 3395 domini

297 3424 402 3488 feoudi
426 3428 585 3507 resignare
607 3423 758 3488 debemus
780 3426 944 3505 legittime;
977 3428 1131 3509 quamdiu
1159 3434 1265 3491 autem
1292 3428 1350 3492 boc
1378 3448 1442 3491 non
1462 3428 1604 3508 fecerint,

298 3522 450 3586 lcoudum
478 3522 660 3585 huiusmodi
683 3522 861 3587 tenebimus
882 3534 1007 3587 etcum
1029 3544 1065 3587 eo
1089 3524 1372 3605 nominaremus,
1399 3546 1493 3608 quam
1517 3528 1603 3608 quod

298 3620 468 3683 discretum
500 3616 596 3683 fucrit
626 3630 656 3683 et
682 3622 755 3683 dicti
784 3622 869 3685 cives
899 3642 935 3684 ac
962 3622 1110 3685 consules
1139 3623 1289 3685 duxerint
1317 3622 1506 3687 faciendum.
1564 3623 1602 3686 ln

299 3736 433 3799 quorum
457 3718 672 3781 testimonium
693 3718 833 3801 sigillum
854 3729 1014 3798 nostrum,
1034 3739 1098 3802 quo
1120 3720 1213 3782 ambo
1234 3722 1354 3783 utimur
1374 3722 1406 3782 in
1430 3721 1488 3783 hac
1509 3730 1605 3805 parte,

299 3814 496 3897 presentibus
508 3822 555 3879 est
563 3835 747 3899 appensum.
778 3815 896 3880 Datum
908 3838 935 3879 a.
947 3816 986 3879 l).
998 3816 1239 3887 M⁰CCG⁰XXI⁰.
1250 3816 1308 3880 Vl⁰
1322 3816 1398 3882 ldus
1408 3819 1581 3902 Septembr.

299 4010 408 4094 1321.
437 4010 688 4112 September
714 4014 752 4096 8.
1566 4017 1602 4098 t.

400 4144 565 4209 Hermann
585 4146 640 4209 dor
653 4147 800 4225 Jnnperc
824 4148 1001 4211 Morscbull
1016 4149 1052 4211 iu
1065 4148 1273 4227 Holzbruosen,
1287 4150 1508 4230 pcroiibrleisttt
1521 4152 1603 4213 auct

397 4244 572 4306 scincrscits
591 4244 696 4325 obipen
722 4245 867 4326 Vernaus·
879 4257 918 4319 (s.
931 4246 991 4309 Nr.
1007 4248 1048 4324 6).

451 4361 496 4414 Or.
506 4362 555 4413 mit
567 4363 593 4417 Ν,
604 4362 641 4414 im
652 4360 713 4429 li'pl.
727 4362 764 4419 St,
779 4362 810 4416 A.
820 4378 853 4414 su
864 4363 904 4415 M.
