3525 5209
505 405 736 462 Urkuudenbuch
755 404 804 460 der
822 402 906 460 Stadt
923 402 1031 458 Erfurt.
1051 399 1180 456 ILTheil
1446 406 1498 462 813

195 563 340 646 provisor
365 579 423 624 cru
447 558 594 639 Erimus,
621 557 764 620 alaman
786 553 921 635 achrayb
942 554 1023 616 nach
1045 552 1162 616 Christi
1182 551 1293 636 gebort
1313 553 1498 634 dryczehin-

195 659 327 723 hundirt
351 660 398 722 iar
425 659 459 720 in
487 657 577 720 deme
606 655 974 736 nuuundnunczigosteu
1000 653 1066 715 iare
1092 669 1134 714 au
1163 652 1242 714 saud
1265 651 1499 736 Oswaldestoge

194 758 249 822 des
269 757 410 840 heyligin
432 761 607 820 mertarers.

196 945 311 1026 rasa.
339 941 677 1044 septennario.
1352 883 1498 1022 uae

302 1097 391 1161 Hans
412 1097 517 1178 Greia,
549 1114 663 1177 myner
691 1094 804 1157 herren
832 1112 896 1156 von
924 1091 1058 1157 Erfforte
1087 1097 1164 1173 voyt
1183 1112 1242 1155 acu
1264 1091 1498 1180 Siuternbeym

298 1195 366 1259 und
393 1196 448 1259 der
476 1212 658 1277 gesworena
679 1191 802 1272 frybote
831 1191 870 1254 da
898 1191 1018 1255 selbins
1041 1188 1151 1268 eipaen
1171 1189 1349 1268 ueriehtliclr
1369 1192 1421 1253 dio
1439 1212 1498 1254 oou

296 1293 441 1357 Gunther
470 1292 613 1356 Schenko
643 1291 713 1353 dom
743 1290 866 1371 elderu,
897 1289 1043 1352 Guutber
1063 1289 1228 1372 Schenglre
1257 1289 1329 1353 dem
1360 1291 1497 1374 iungam

296 1391 365 1454 und
392 1409 543 1454 rrouwen
576 1389 690 1466 Elaen,
719 1388 842 1451 Mulier·
865 1386 1026 1452 Guutbers
1052 1387 1105 1449 des
1122 1385 1283 1466 Jouqera,
1304 1387 1433 1468 Biirper
1457 1409 1498 1453 su

295 1486 429 1570 Emori,
460 1485 701 1568 auspelosseueu
723 1491 744 1548 4
765 1484 877 1566 Hufau
899 1485 1089 1559 Artlaudcs,
1110 1485 1162 1546 eiu
1191 1483 1306 1548 Vierlel
1327 1486 1500 1550 Arttoudes

302 1588 371 1650 uad
401 1588 459 1666 2¹12
481 1585 585 1647 Aclocr
606 1583 830 1663 Kraulportcu
851 1584 1041 1663 Eipcuputes
1065 1602 1107 1647 ru
1135 1583 1375 1670 Stuternheym‚
1395 1605 1500 1650 woooa

298 1689 358 1766 3¹ln
373 1685 492 1747 Mulier
505 1682 677 1762 Koropeld,
701 1683 751 1746 eiu
771 1681 883 1762 Pfuud
897 1681 1062 1762 Pseuuipa
1085 1684 1166 1761 1215
1179 1680 1322 1758 Horae,
1345 1687 1368 1748 2
1391 1683 1500 1748 Gaiusc

195 1853 198 1868 Ι
296 1783 366 1847 und
396 1787 416 1845 4
438 1781 551 1846 &aare
576 1781 686 1845 Krout
707 1779 843 1860 jciirrlich
863 1779 1013 1860 prosatico,
1034 1779 1091 1842 dor
1112 1778 1206 1841 Frau
1226 1783 1355 1862 Agnese
1374 1782 1500 1846 Hotter-

298 1902 450 1963 manuyu
472 1879 636 1959 Biiryeriu
655 1900 697 1944 au
715 1874 843 1959 Erfurl.

283 1997 422 2078 aarum
444 2001 533 2062 1399
555 2018 596 2061 an
618 1998 674 2062 der
694 2001 806 2060 nestun
829 1996 1059 2080 myttewochen
1081 2015 1139 2058 ror
1159 2002 1247 2059 sente
1268 1996 1399 2060 Michels
1419 2002 1498 2080 tage.

349 2116 395 2171 Or.
406 2117 455 2169 mit
472 2115 491 2168 d
510 2114 537 2169 S.
555 2115 593 2167 im
611 2113 650 2173 D.
661 2113 695 2168 A.

202 2273 315 2356 1399.
343 2273 597 2373 September
623 2271 689 2358 29.
717 2268 915 2352 Eltvllle.
1392 2271 1499 2355 1137.

299 2426 442 2502 Jobauu,
465 2425 649 2506 Eraba’sclrof
676 2444 718 2490 aar
738 2424 869 2498 Maius,
898 2423 1072 2505 penetratur
1098 2425 1167 2486 auri
1192 2423 1334 2488 moriar
1361 2425 1413 2488 die
1442 2445 1501 2488 ocu

296 2526 366 2587 dam
377 2523 573 2604 pripstliclreu
590 2523 728 2603 Lepoteu
741 2520 911 2584 Kurdiual
926 2521 1277 2603 Philippensium
1295 2524 1501 2603 onpeorduele

298 2621 540 2702 Aussuboiduup
558 2621 612 2684 des
629 2619 943 2700 Martiuslrospitclcs
957 2640 1020 2683 uus
1034 2621 1090 2683 der
1103 2622 1329 2702 Kausmrinucr
1338 2621 1499 2686 Parocbie.

350 2740 395 2798 Or.
414 2741 464 2794 mit
480 2739 507 2798 d.
518 2739 545 2793 S.
564 2740 601 2791 im
620 2738 655 2791 Ε.
667 2737 875 2807 Δ.ιναπ3β9ἰω·ὲ
892 2737 940 2791 der
963 2737 1092 2792 Urlcuude
1109 2737 1161 2792 Nr.
1171 2743 1231 2793 986.

278 2844 451 2922 lohannes¹
472 2843 532 2908 Dei
558 2844 660 2925 gratia
686 2862 709 2905 s.
727 2841 916 2926 Magrrntiue
937 2843 1020 2906 sedis
1042 2844 1297 2926 archiepiscopus
1317 2850 1375 2908 ctc.
1419 2844 1499 2909 (lum

197 2943 272 3006 olim
293 2943 579 3006 reverendissimus
602 2946 690 3023 pater
711 2941 861 3004 dominus
881 2940 1049 3025 Philippus
1072 2941 1111 3006 de
1131 2943 1316 3014 Alencouio,
1335 2945 1502 3027 episcopus

198 3042 364 3120 Ostiensis
386 3047 494 3104 sancte
509 3039 653 3102 Romane
674 3038 805 3102 molesia
822 3040 1002 3119 cardinalis,
1015 3045 1093 3103 tunc
1104 3041 1272 3123 apostolice
1283 3041 1367 3104 sedis
1378 3042 1503 3106 alatere

198 3139 330 3222 legatus,
351 3139 388 3201 ad
412 3138 675 3222 supplicationem
697 3136 840 3200 fidelium
864 3144 1047 3202 nostrorum
1059 3139 1227 3202 consulum
1242 3145 1273 3203 et
1285 3141 1504 3204 universitatis

198 3237 281 3319 opidi
310 3239 409 3300 nostri
430 3235 632 3300 Erlordensis
651 3236 838 3300 auctoritate
859 3237 1045 3320 apostolica,
1067 3258 1130 3319 qua
1151 3243 1229 3300 tunc
1255 3257 1296 3301 ex
1319 3237 1422 3302 officio
1444 3258 1503 3302 sue

198 3335 364 3418 legationis
394 3334 595 3417 fungebatur,
626 3343 656 3400 et
684 3355 724 3400 err
752 3336 846 3400 cartis
877 3341 910 3398 et
939 3334 1182 3399 rationabilibus
1212 3337 1320 3400 causis
1347 3335 1503 3420 hospitale

197 3451 374 3516 pauperum
396 3433 596 3497 infirmorum
608 3436 641 3498 in
654 3433 808 3498 suburbio
826 3437 917 3496 extra
930 3451 1049 3512 muros,
1060 3434 1154 3496 etiam
1165 3439 1244 3497 tuno
1255 3432 1337 3495 iufra
1348 3436 1502 3498 terminos

196 3531 401 3613 parrochialis
425 3530 556 3596 ecclesie
578 3531 789 3595 Mercatorum
812 3531 889 3594 dicti
903 3530 989 3611 opidi
1000 3533 1256 3613 constitutorum,
1265 3553 1339 3596 oum
1351 3533 1502 3598 omuibus

197 3633 264 3692 suis
292 3629 438 3708 edificia,
470 3629 664 3713 pauperibus
692 3629 845 3708 infirmis,
875 3629 1031 3692 ministris
1062 3634 1092 3692 et
1122 3631 1330 3694 servitoribus
1349 3632 1504 3712 eiusdem,

197 3728 380 3792 domesticis
401 3734 433 3790 et
455 3727 724 3791 commensalibus
745 3728 784 3790 ab
806 3729 895 3790 omni
915 3729 986 3790 iure
1007 3734 1038 3790 et
1058 3729 1255 3793 subiectione
1272 3731 1355 3793 dicte
1370 3730 1503 3795 ecclesis

196 3826 398 3908 parrochialis
421 3825 631 3889 Mercatorum
652 3827 772 3889 exemit
793 3831 823 3889 et
845 3826 1022 3908 segregavit
1032 3831 1064 3888 et
1072 3825 1150 3888 alias
1160 3827 1317 3889 concessit
1328 3831 1361 3889 et
1370 3827 1504 3890 indulsit

197 3923 297 3985 eidem
328 3923 475 4005 hospitali
504 3924 596 3986 iuxta
624 3923 753 3987 modum
782 3930 815 3986 et
839 3924 976 3987 termam
1004 3924 1038 3986 in
1068 3925 1136 3986 suis
1158 3922 1280 4000 litteris,
1299 3926 1352 3987 cui
1375 3944 1503 4004 presens

199 4021 389 4084 transfixum
408 4027 551 4084 nostrum
570 4028 815 4105 estappensum,
830 4027 1045 4104 expressatas3
1061 4039 1311 4106 nosqueea,que
1322 4023 1502 4086 animarum

199 4118 341 4181 fidelium
371 4119 504 4182 salutem
538 4125 569 4182 et
596 4139 805 4205 personarum
834 4118 1066 4182 miserabilium
1095 4120 1271 4202 respiciunt
1299 4121 1501 4183 commodum

200 4215 335 4279 libenter
354 4218 530 4280 annuimus
551 4221 582 4280 et
598 4219 671 4281 totis
681 4218 845 4282 desideriis
860 4217 1044 4280 affectamus
1060 4217 1099 4280 ad
1111 4218 1262 4280 honorem
1277 4219 1503 4300 omnipotentis

198 4313 256 4378 Dei
277 4322 309 4378 ct
330 4314 503 4377 eorundem
526 4333 699 4398 pauperum
723 4316 902 4394 comodum,
924 4316 1008 4399 quod
1031 4315 1501 4400 indesperamusproluturum

197 4413 419 4494 dictorumque
431 4413 597 4476 consulum
609 4419 639 4476 et
652 4413 1017 4477 universitatislidelium
1029 4420 1210 4476 nostrorum
1222 4433 1330 4496 preces
1339 4415 1503 4493 instantes,

198 4512 448 4593 segregationem
471 4517 502 4574 et
523 4513 757 4594 exemptionem
780 4515 926 4594 prefatas,
948 4513 1120 4593 omniaque
1130 4519 1161 4574 ct
1172 4512 1299 4594 singula
1317 4531 1371 4594 per
1382 4511 1500 4574 dictum

198 4610 357 4691 quondam
398 4610 699 4674 reverendissimum
739 4620 858 4693 patrem
896 4612 929 4672 iu
960 4612 1124 4693 premissis
1153 4612 1244 4672 iuxta
1274 4611 1504 4674 continentiam
