<?xml version="1.0" encoding="UTF-8"?>
<!DOCTYPE html PUBLIC "-//W3C//DTD XHTML 1.0 Transitional//EN"
    "http://www.w3.org/TR/xhtml1/DTD/xhtml1-transitional.dtd">
<html xmlns="http://www.w3.org/1999/xhtml" xml:lang="en" lang="en">
 <head>
  <title>
</title>
<meta http-equiv="Content-Type" content="text/html;charset=utf-8" />
  <meta name='ocr-system' content='tesseract 3.04.00' />
  <meta name='ocr-capabilities' content='ocr_page ocr_carea ocr_par ocr_line ocrx_word'/>
</head>
<body>
  <div class='ocr_page' id='page_1' title='image "./urkundenbuchder04sachgoog_0416.png"; bbox 0 0 3525 5209; ppageno 0'>
   <div class='ocr_carea' id='block_1_1' title="bbox 477 389 1481 452">
    <p class='ocr_par' dir='ltr' id='par_1_1' title="bbox 477 389 1481 452">
     <span class='ocr_line' id='line_1_1' title="bbox 477 389 1481 452; baseline 0.003 -4"><span class='ocrx_word' id='word_1_1' title='bbox 477 389 709 448; x_wconf 81' lang='lat' dir='ltr'><strong>Urlrundeubucb</strong></span> <span class='ocrx_word' id='word_1_2' title='bbox 728 390 777 446; x_wconf 88' lang='lat' dir='ltr'><strong>der</strong></span> <span class='ocrx_word' id='word_1_3' title='bbox 795 391 877 448; x_wconf 78' lang='lat' dir='ltr'><strong>Stadt</strong></span> <span class='ocrx_word' id='word_1_4' title='bbox 894 391 1003 448; x_wconf 79' lang='lat' dir='ltr'><strong>Erfurt</strong></span> <span class='ocrx_word' id='word_1_5' title='bbox 1038 391 1078 452; x_wconf 92' lang='lat' dir='ltr'><strong>II.</strong></span> <span class='ocrx_word' id='word_1_6' title='bbox 1089 394 1177 451; x_wconf 85' lang='lat' dir='ltr'><strong>Theil.</strong></span> <span class='ocrx_word' id='word_1_7' title='bbox 1429 394 1481 451; x_wconf 77' lang='lat'><strong>403</strong></span> 
     </span>
    </p>
   </div>
   <div class='ocr_carea' id='block_1_2' title="bbox 168 593 1479 685">
    <p class='ocr_par' dir='ltr' id='par_1_2' title="bbox 168 593 1479 685">
     <span class='ocr_line' id='line_1_2' title="bbox 168 593 1479 685; baseline 0.005 -11"><span class='ocrx_word' id='word_1_8' title='bbox 168 593 284 677; x_wconf 83' lang='grc'><strong>1358.</strong></span> <span class='ocrx_word' id='word_1_9' title='bbox 311 593 430 676; x_wconf 80' lang='lat' dir='ltr'><strong>lltlrn</strong></span> <span class='ocrx_word' id='word_1_10' title='bbox 457 595 522 678; x_wconf 83' lang='grc'><strong>20.</strong></span> <span class='ocrx_word' id='word_1_11' title='bbox 549 595 743 678; x_wconf 82' lang='lat' dir='ltr'><strong>llltvillc.</strong></span> <span class='ocrx_word' id='word_1_12' title='bbox 1382 600 1479 685; x_wconf 85' lang='grc'><strong>500.</strong></span> 
     </span>
    </p>
   </div>
   <div class='ocr_carea' id='block_1_3' title="bbox 272 739 1481 924">
    <p class='ocr_par' dir='ltr' id='par_1_3' title="bbox 272 739 1481 924">
     <span class='ocr_line' id='line_1_3' title="bbox 274 739 1481 824; baseline 0.001 -19"><span class='ocrx_word' id='word_1_13' title='bbox 274 739 425 818; x_wconf 77' lang='lat' dir='ltr'><strong>Gericcb,</strong></span> <span class='ocrx_word' id='word_1_14' title='bbox 463 741 649 824; x_wconf 79' lang='lat' dir='ltr'><strong>Errbisclrof</strong></span> <span class='ocrx_word' id='word_1_15' title='bbox 680 759 740 806; x_wconf 81' lang='lat' dir='ltr'><strong>oon</strong></span> <span class='ocrx_word' id='word_1_16' title='bbox 772 741 900 820; x_wconf 71' lang='lat' dir='ltr'><strong>Matar,</strong></span> <span class='ocrx_word' id='word_1_17' title='bbox 933 748 1065 807; x_wconf 79' lang='lat' dir='ltr'><strong>ernenrt</strong></span> <span class='ocrx_word' id='word_1_18' title='bbox 1093 745 1154 807; x_wconf 78' lang='lat' dir='ltr'><strong>deo</strong></span> <span class='ocrx_word' id='word_1_19' title='bbox 1185 743 1395 809; x_wconf 62' lang='lat' dir='ltr'><strong>Monoikos</strong></span> <span class='ocrx_word' id='word_1_20' title='bbox 1427 744 1481 807; x_wconf 84' lang='lat' dir='ltr'><strong>des</strong></span> 
     </span>
     <span class='ocr_line' id='line_1_4' title="bbox 272 837 1365 924; baseline 0.001 -22"><span class='ocrx_word' id='word_1_21' title='bbox 272 837 508 921; x_wconf 76' lang='lat' dir='ltr'><strong>Morionstiftcs</strong></span> <span class='ocrx_word' id='word_1_22' title='bbox 526 839 651 904; x_wconf 79' lang='lat' dir='ltr'><strong>Iolcon</strong></span> <span class='ocrx_word' id='word_1_23' title='bbox 676 837 802 904; x_wconf 77' lang='lat' dir='ltr'><em>Orionis</em></span> <span class='ocrx_word' id='word_1_24' title='bbox 821 860 862 904; x_wconf 80' lang='lat' dir='ltr'><strong>ru</strong></span> <span class='ocrx_word' id='word_1_25' title='bbox 879 842 994 905; x_wconf 82' lang='lat' dir='ltr'><strong>seiacm</strong></span> <span class='ocrx_word' id='word_1_26' title='bbox 1014 843 1163 906; x_wconf 64' lang='lat' dir='ltr'><strong>Itovbor</strong></span> <span class='ocrx_word' id='word_1_27' title='bbox 1181 843 1217 905; x_wconf 82' lang='lat' dir='ltr'><strong>ia</strong></span> <span class='ocrx_word' id='word_1_28' title='bbox 1238 841 1365 924; x_wconf 79' lang='lat' dir='ltr'><strong>Erfari.</strong></span> 
     </span>
    </p>
   </div>
   <div class='ocr_carea' id='block_1_4' title="bbox 169 956 1482 3073">
    <p class='ocr_par' dir='ltr' id='par_1_4' title="bbox 321 956 1481 1098">
     <span class='ocr_line' id='line_1_5' title="bbox 321 956 1481 1082; baseline 0.003 -74"><span class='ocrx_word' id='word_1_29' title='bbox 321 956 563 1082; x_wconf 46' lang='lat' dir='ltr'><strong>IrprVolssambucb</strong></span> <span class='ocrx_word' id='word_1_30' title='bbox 580 958 625 1012; x_wconf 82' lang='lat' dir='ltr'><strong>cles</strong></span> <span class='ocrx_word' id='word_1_31' title='bbox 643 958 786 1026; x_wconf 80' lang='lat' dir='ltr'><strong>Erratistes</strong></span> <span class='ocrx_word' id='word_1_32' title='bbox 803 958 900 1013; x_wconf 77' lang='lat' dir='ltr'><strong>Mairrr</strong></span> <span class='ocrx_word' id='word_1_33' title='bbox 917 958 988 1026; x_wconf 83' lang='lat'><strong>111,</strong></span> <span class='ocrx_word' id='word_1_34' title='bbox 1007 959 1106 1027; x_wconf 59' lang='lat'><strong>8322,</strong></span> <span class='ocrx_word' id='word_1_35' title='bbox 1124 961 1162 1014; x_wconf 80' lang='lat' dir='ltr'><strong>im</strong></span> <span class='ocrx_word' id='word_1_36' title='bbox 1182 960 1243 1029; x_wconf 78' lang='lat' dir='ltr'><strong>Kpl.</strong></span> <span class='ocrx_word' id='word_1_37' title='bbox 1254 959 1427 1014; x_wconf 74' lang='lat' dir='ltr'><strong>Kreisurclria</strong></span> <span class='ocrx_word' id='word_1_38' title='bbox 1446 976 1481 1013; x_wconf 79' lang='lat' dir='ltr'><strong>aa</strong></span> 
     </span>
     <span class='ocr_line' id='line_1_6' title="bbox 411 1044 532 1098; baseline 0.008 -17"><span class='ocrx_word' id='word_1_39' title='bbox 411 1044 446 1081; x_wconf 83' lang='lat' dir='ltr'><strong>nr</strong></span> <span class='ocrx_word' id='word_1_40' title='bbox 508 1047 532 1098; x_wconf 79' lang='lat' dir='ltr'><strong>p.</strong></span> 
     </span>
    </p>

    <p class='ocr_par' dir='ltr' id='par_1_5' title="bbox 169 1141 1482 3073">
     <span class='ocr_line' id='line_1_7' title="bbox 252 1141 1482 1227; baseline 0.002 -23"><span class='ocrx_word' id='word_1_41' title='bbox 252 1141 404 1206; x_wconf 87' lang='lat' dir='ltr'><strong>Gerlacus</strong></span> <span class='ocrx_word' id='word_1_42' title='bbox 434 1141 493 1206; x_wconf 89' lang='lat' dir='ltr'><strong>Dei</strong></span> <span class='ocrx_word' id='word_1_43' title='bbox 520 1145 621 1227; x_wconf 89' lang='lat' dir='ltr'><strong>gratia</strong></span> <span class='ocrx_word' id='word_1_44' title='bbox 641 1149 697 1208; x_wconf 89' lang='lat' dir='ltr'><strong>etc.</strong></span> <span class='ocrx_word' id='word_1_45' title='bbox 729 1143 842 1207; x_wconf 92' lang='lat' dir='ltr'><strong>dilecto</strong></span> <span class='ocrx_word' id='word_1_46' title='bbox 869 1144 962 1207; x_wconf 90' lang='lat' dir='ltr'><strong>nobis</strong></span> <span class='ocrx_word' id='word_1_47' title='bbox 988 1146 1020 1207; x_wconf 88' lang='lat' dir='ltr'><strong>in</strong></span> <span class='ocrx_word' id='word_1_48' title='bbox 1043 1143 1167 1208; x_wconf 79' lang='lat' dir='ltr'><strong>Christo</strong></span> <span class='ocrx_word' id='word_1_49' title='bbox 1187 1143 1322 1208; x_wconf 84' lang='lat' dir='ltr'>Iohanni</span> <span class='ocrx_word' id='word_1_50' title='bbox 1343 1143 1482 1222; x_wconf 75' lang='lat' dir='ltr'><strong>Orionis,</strong></span> 
     </span>
     <span class='ocr_line' id='line_1_8' title="bbox 171 1240 1480 1327; baseline 0.003 -26"><span class='ocrx_word' id='word_1_51' title='bbox 171 1241 325 1322; x_wconf 81' lang='lat' dir='ltr'>provisori</span> <span class='ocrx_word' id='word_1_52' title='bbox 353 1240 457 1304; x_wconf 91' lang='lat' dir='ltr'><strong>allodii</strong></span> <span class='ocrx_word' id='word_1_53' title='bbox 486 1244 585 1305; x_wconf 85' lang='lat' dir='ltr'>nostri</span> <span class='ocrx_word' id='word_1_54' title='bbox 601 1241 844 1325; x_wconf 78' lang='lat' dir='ltr'><strong>Erpfurdensis,</strong></span> <span class='ocrx_word' id='word_1_55' title='bbox 872 1243 1007 1306; x_wconf 88' lang='lat' dir='ltr'><strong>salutem</strong></span> <span class='ocrx_word' id='word_1_56' title='bbox 1028 1245 1062 1305; x_wconf 93' lang='lat' dir='ltr'><strong>in</strong></span> <span class='ocrx_word' id='word_1_57' title='bbox 1083 1241 1221 1307; x_wconf 90' lang='lat' dir='ltr'><strong>Domino</strong></span> <span class='ocrx_word' id='word_1_58' title='bbox 1247 1243 1480 1327; x_wconf 88' lang='lat' dir='ltr'><strong>sempiternam.</strong></span> 
     </span>
     <span class='ocr_line' id='line_1_9' title="bbox 172 1335 1479 1423; baseline 0.001 -22"><span class='ocrx_word' id='word_1_59' title='bbox 172 1335 329 1412; x_wconf 78' lang='lat' dir='ltr'><strong>Quoniam</strong></span> <span class='ocrx_word' id='word_1_60' title='bbox 357 1340 489 1423; x_wconf 88' lang='lat' dir='ltr'><strong>provida</strong></span> <span class='ocrx_word' id='word_1_61' title='bbox 513 1346 567 1403; x_wconf 89' lang='lat' dir='ltr'><strong>tue</strong></span> <span class='ocrx_word' id='word_1_62' title='bbox 595 1340 887 1423; x_wconf 78' lang='lat' dir='ltr'><strong>circumspectionis</strong></span> <span class='ocrx_word' id='word_1_63' title='bbox 911 1360 947 1405; x_wconf 93' lang='lat' dir='ltr'><strong>ac</strong></span> <span class='ocrx_word' id='word_1_64' title='bbox 970 1340 1129 1404; x_wconf 86' lang='lat' dir='ltr'><strong>fidelitatis</strong></span> <span class='ocrx_word' id='word_1_65' title='bbox 1149 1342 1274 1416; x_wconf 84' lang='lat' dir='ltr'><strong>merita,</strong></span> <span class='ocrx_word' id='word_1_66' title='bbox 1299 1341 1333 1403; x_wconf 90' lang='lat' dir='ltr'><strong>iu</strong></span> <span class='ocrx_word' id='word_1_67' title='bbox 1361 1339 1479 1422; x_wconf 89' lang='lat' dir='ltr'><strong>quibus</strong></span> 
     </span>
     <span class='ocr_line' id='line_1_10' title="bbox 170 1436 1479 1521; baseline 0.002 -23"><span class='ocrx_word' id='word_1_68' title='bbox 170 1436 264 1501; x_wconf 91' lang='lat' dir='ltr'><strong>nobis</strong></span> <span class='ocrx_word' id='word_1_69' title='bbox 303 1443 387 1501; x_wconf 85' lang='lat' dir='ltr'><strong>certa</strong></span> <span class='ocrx_word' id='word_1_70' title='bbox 429 1439 677 1502; x_wconf 77' lang='lat' dir='ltr'><strong>ministratione</strong></span> <span class='ocrx_word' id='word_1_71' title='bbox 714 1440 875 1501; x_wconf 89' lang='lat' dir='ltr'><strong>minorum</strong></span> <span class='ocrx_word' id='word_1_72' title='bbox 914 1457 948 1502; x_wconf 90' lang='lat' dir='ltr'><strong>es</strong></span> <span class='ocrx_word' id='word_1_73' title='bbox 983 1439 1198 1521; x_wconf 88' lang='lat' dir='ltr'><strong>multipliciter</strong></span> <span class='ocrx_word' id='word_1_74' title='bbox 1228 1437 1479 1512; x_wconf 89' lang='lat' dir='ltr'><strong>commendatus,</strong></span> 
     </span>
     <span class='ocr_line' id='line_1_11' title="bbox 171 1534 1480 1620; baseline 0 -22"><span class='ocrx_word' id='word_1_75' title='bbox 171 1541 311 1598; x_wconf 87' lang='lat' dir='ltr'><strong>nostram</strong></span> <span class='ocrx_word' id='word_1_76' title='bbox 331 1534 578 1599; x_wconf 89' lang='lat' dir='ltr'><strong>benivolentiam</strong></span> <span class='ocrx_word' id='word_1_77' title='bbox 598 1536 742 1599; x_wconf 88' lang='lat' dir='ltr'><strong>alliciunt</strong></span> <span class='ocrx_word' id='word_1_78' title='bbox 769 1538 886 1620; x_wconf 87' lang='lat' dir='ltr'><strong>pariter</strong></span> <span class='ocrx_word' id='word_1_79' title='bbox 912 1541 944 1600; x_wconf 91' lang='lat' dir='ltr'><strong>et</strong></span> <span class='ocrx_word' id='word_1_80' title='bbox 969 1537 1143 1615; x_wconf 89' lang='lat' dir='ltr'><strong>inducunt,</strong></span> <span class='ocrx_word' id='word_1_81' title='bbox 1169 1535 1256 1618; x_wconf 90' lang='lat' dir='ltr'><strong>quod</strong></span> <span class='ocrx_word' id='word_1_82' title='bbox 1281 1536 1480 1617; x_wconf 89' lang='lat' dir='ltr'><strong>inpertiendo</strong></span> 
     </span>
     <span class='ocr_line' id='line_1_12' title="bbox 169 1633 1480 1718; baseline 0 -22"><span class='ocrx_word' id='word_1_83' title='bbox 169 1633 228 1696; x_wconf 91' lang='lat' dir='ltr'><strong>tibi</strong></span> <span class='ocrx_word' id='word_1_84' title='bbox 250 1639 356 1697; x_wconf 89' lang='lat' dir='ltr'><strong>nostre</strong></span> <span class='ocrx_word' id='word_1_85' title='bbox 376 1634 619 1718; x_wconf 86' lang='lat' dir='ltr'><strong>dispensationis</strong></span> <span class='ocrx_word' id='word_1_86' title='bbox 641 1653 736 1697; x_wconf 88' lang='lat' dir='ltr'><strong>onera</strong></span> <span class='ocrx_word' id='word_1_87' title='bbox 757 1635 878 1698; x_wconf 88' lang='lat' dir='ltr'><strong>maiora</strong></span> <span class='ocrx_word' id='word_1_88' title='bbox 899 1635 1141 1713; x_wconf 79' lang='lat' dir='ltr'><strong>committimus,</strong></span> <span class='ocrx_word' id='word_1_89' title='bbox 1162 1638 1208 1712; x_wconf 91' lang='lat' dir='ltr'><strong>ut,</strong></span> <span class='ocrx_word' id='word_1_90' title='bbox 1234 1652 1308 1696; x_wconf 87' lang='lat' dir='ltr'><strong>cum</strong></span> <span class='ocrx_word' id='word_1_91' title='bbox 1329 1633 1480 1718; x_wconf 84' lang='lat' dir='ltr'><strong>pertalis</strong></span> 
     </span>
     <span class='ocr_line' id='line_1_13' title="bbox 170 1731 1479 1816; baseline -0.001 -22"><span class='ocrx_word' id='word_1_92' title='bbox 170 1731 305 1796; x_wconf 84' lang='lat' dir='ltr'><strong>fideliter</strong></span> <span class='ocrx_word' id='word_1_93' title='bbox 321 1739 352 1796; x_wconf 93' lang='lat' dir='ltr'><strong>et</strong></span> <span class='ocrx_word' id='word_1_94' title='bbox 362 1732 491 1816; x_wconf 88' lang='lat' dir='ltr'><strong>provide</strong></span> <span class='ocrx_word' id='word_1_95' title='bbox 501 1732 730 1816; x_wconf 77' lang='lat' dir='ltr'><strong>gubernantur,</strong></span> <span class='ocrx_word' id='word_1_96' title='bbox 745 1731 948 1816; x_wconf 79' lang='lat' dir='ltr'><strong>exigentibus</strong></span> <span class='ocrx_word' id='word_1_97' title='bbox 968 1733 1033 1796; x_wconf 90' lang='lat' dir='ltr'><strong>tuis</strong></span> <span class='ocrx_word' id='word_1_98' title='bbox 1055 1733 1174 1795; x_wconf 91' lang='lat' dir='ltr'><strong>meritis</strong></span> <span class='ocrx_word' id='word_1_99' title='bbox 1193 1736 1310 1795; x_wconf 89' lang='lat' dir='ltr'><strong>statum</strong></span> <span class='ocrx_word' id='word_1_100' title='bbox 1326 1732 1479 1814; x_wconf 84' lang='lat' dir='ltr'><strong>consequi</strong></span> 
     </span>
     <span class='ocr_line' id='line_1_14' title="bbox 171 1828 1481 1914; baseline 0 -22"><span class='ocrx_word' id='word_1_101' title='bbox 171 1830 277 1893; x_wconf 83' lang='lat' dir='ltr'><strong>valeas</strong></span> <span class='ocrx_word' id='word_1_102' title='bbox 307 1831 456 1895; x_wconf 89' lang='lat' dir='ltr'><strong>altiorem.</strong></span> <span class='ocrx_word' id='word_1_103' title='bbox 507 1829 592 1894; x_wconf 90' lang='lat' dir='ltr'><strong>Hinc</strong></span> <span class='ocrx_word' id='word_1_104' title='bbox 624 1835 685 1910; x_wconf 90' lang='lat' dir='ltr'><strong>est,</strong></span> <span class='ocrx_word' id='word_1_105' title='bbox 715 1830 798 1914; x_wconf 93' lang='lat' dir='ltr'><strong>quod</strong></span> <span class='ocrx_word' id='word_1_106' title='bbox 821 1831 1138 1904; x_wconf 79' lang='lat' dir='ltr'><strong>administrationem,</strong></span> <span class='ocrx_word' id='word_1_107' title='bbox 1165 1828 1428 1912; x_wconf 81' lang='lat' dir='ltr'><strong>gubernationem</strong></span> <span class='ocrx_word' id='word_1_108' title='bbox 1449 1835 1481 1892; x_wconf 90' lang='lat' dir='ltr'><strong>et</strong></span> 
     </span>
     <span class='ocr_line' id='line_1_15' title="bbox 175 1927 1481 2011; baseline 0.001 -21"><span class='ocrx_word' id='word_1_109' title='bbox 175 1927 351 2010; x_wconf 89' lang='lat' dir='ltr'><strong>quamlibet</strong></span> <span class='ocrx_word' id='word_1_110' title='bbox 366 1927 460 1991; x_wconf 89' lang='lat' dir='ltr'><strong>aliam</strong></span> <span class='ocrx_word' id='word_1_111' title='bbox 477 1927 714 2011; x_wconf 87' lang='lat' dir='ltr'><strong>dispositionem</strong></span> <span class='ocrx_word' id='word_1_112' title='bbox 725 1929 833 1993; x_wconf 83' lang='lat' dir='ltr'><strong>nostri</strong></span> <span class='ocrx_word' id='word_1_113' title='bbox 851 1929 957 1992; x_wconf 92' lang='lat' dir='ltr'><strong>allodii</strong></span> <span class='ocrx_word' id='word_1_114' title='bbox 979 1930 1115 1992; x_wconf 87' lang='lat' dir='ltr'><strong>civitatis</strong></span> <span class='ocrx_word' id='word_1_115' title='bbox 1137 1933 1245 1992; x_wconf 88' lang='lat' dir='ltr'><strong>nostre</strong></span> <span class='ocrx_word' id='word_1_116' title='bbox 1265 1927 1481 1991; x_wconf 83' lang='lat' dir='ltr'><strong>Erffurdensis</strong></span> 
     </span>
     <span class='ocr_line' id='line_1_16' title="bbox 170 2026 1481 2110; baseline 0.002 -23"><span class='ocrx_word' id='word_1_117' title='bbox 170 2045 245 2088; x_wconf 91' lang='lat' dir='ltr'><strong>cum</strong></span> <span class='ocrx_word' id='word_1_118' title='bbox 263 2026 413 2091; x_wconf 89' lang='lat' dir='ltr'><strong>omnibus</strong></span> <span class='ocrx_word' id='word_1_119' title='bbox 436 2027 615 2092; x_wconf 86' lang='lat' dir='ltr'><strong>attinenciis</strong></span> <span class='ocrx_word' id='word_1_120' title='bbox 636 2026 694 2090; x_wconf 90' lang='lat' dir='ltr'><strong>tibi</strong></span> <span class='ocrx_word' id='word_1_121' title='bbox 715 2027 943 2090; x_wconf 89' lang='lat' dir='ltr'><strong>committimus</strong></span> <span class='ocrx_word' id='word_1_122' title='bbox 964 2033 996 2089; x_wconf 90' lang='lat' dir='ltr'><strong>et</strong></span> <span class='ocrx_word' id='word_1_123' title='bbox 1015 2031 1046 2089; x_wconf 89' lang='lat' dir='ltr'><strong>te</strong></span> <span class='ocrx_word' id='word_1_124' title='bbox 1066 2028 1263 2110; x_wconf 84' lang='lat' dir='ltr'><strong>provisorem</strong></span> <span class='ocrx_word' id='word_1_125' title='bbox 1278 2032 1310 2090; x_wconf 89' lang='lat' dir='ltr'><strong>et</strong></span> <span class='ocrx_word' id='word_1_126' title='bbox 1323 2027 1481 2108; x_wconf 88' lang='lat' dir='ltr'><strong>guberna-</strong></span> 
     </span>
     <span class='ocr_line' id='line_1_17' title="bbox 170 2123 1480 2208; baseline -0.001 -21"><span class='ocrx_word' id='word_1_127' title='bbox 170 2132 270 2187; x_wconf 88' lang='lat' dir='ltr'><strong>torem</strong></span> <span class='ocrx_word' id='word_1_128' title='bbox 290 2125 427 2208; x_wconf 81' lang='lat' dir='ltr'><strong>legitime</strong></span> <span class='ocrx_word' id='word_1_129' title='bbox 446 2125 521 2188; x_wconf 90' lang='lat' dir='ltr'><strong>dicti</strong></span> <span class='ocrx_word' id='word_1_130' title='bbox 542 2125 648 2188; x_wconf 87' lang='lat' dir='ltr'><strong>allodii</strong></span> <span class='ocrx_word' id='word_1_131' title='bbox 668 2123 868 2208; x_wconf 88' lang='lat' dir='ltr'><strong>presentibus</strong></span> <span class='ocrx_word' id='word_1_132' title='bbox 885 2124 1077 2204; x_wconf 78' lang='lat' dir='ltr'><strong>ordinamus,</strong></span> <span class='ocrx_word' id='word_1_133' title='bbox 1098 2124 1480 2208; x_wconf 88' lang='lat' dir='ltr'><strong>concedentesetplenarn</strong></span> 
     </span>
     <span class='ocr_line' id='line_1_18' title="bbox 171 2222 1482 2307; baseline -0.001 -21"><span class='ocrx_word' id='word_1_134' title='bbox 171 2229 203 2286; x_wconf 91' lang='lat' dir='ltr'><strong>et</strong></span> <span class='ocrx_word' id='word_1_135' title='bbox 229 2222 359 2286; x_wconf 86' lang='lat' dir='ltr'><strong>liberam</strong></span> <span class='ocrx_word' id='word_1_136' title='bbox 385 2227 570 2307; x_wconf 86' lang='lat' dir='ltr'><strong>potestatam</strong></span> <span class='ocrx_word' id='word_1_137' title='bbox 601 2241 729 2302; x_wconf 89' lang='lat' dir='ltr'><strong>census,</strong></span> <span class='ocrx_word' id='word_1_138' title='bbox 759 2222 896 2302; x_wconf 78' lang='lat' dir='ltr'><strong>fructus,</strong></span> <span class='ocrx_word' id='word_1_139' title='bbox 925 2222 1062 2298; x_wconf 87' lang='lat' dir='ltr'><strong>reditus,</strong></span> <span class='ocrx_word' id='word_1_140' title='bbox 1092 2227 1280 2305; x_wconf 89' lang='lat' dir='ltr'><strong>proventus,</strong></span> <span class='ocrx_word' id='word_1_141' title='bbox 1307 2222 1482 2301; x_wconf 88' lang='lat' dir='ltr'><strong>theolonea,</strong></span> 
     </span>
     <span class='ocr_line' id='line_1_19' title="bbox 171 2318 1481 2404; baseline 0.001 -21"><span class='ocrx_word' id='word_1_142' title='bbox 171 2319 387 2401; x_wconf 87' lang='lat' dir='ltr'><strong>obventiones,</strong></span> <span class='ocrx_word' id='word_1_143' title='bbox 408 2322 479 2385; x_wconf 88' lang='lat' dir='ltr'><strong>iura</strong></span> <span class='ocrx_word' id='word_1_144' title='bbox 498 2322 605 2384; x_wconf 88' lang='lat' dir='ltr'><strong>omnia</strong></span> <span class='ocrx_word' id='word_1_145' title='bbox 625 2326 656 2385; x_wconf 91' lang='lat' dir='ltr'><strong>et</strong></span> <span class='ocrx_word' id='word_1_146' title='bbox 676 2320 803 2404; x_wconf 87' lang='lat' dir='ltr'><strong>singula</strong></span> <span class='ocrx_word' id='word_1_147' title='bbox 824 2320 980 2404; x_wconf 85' lang='lat' dir='ltr'><strong>exigendi,</strong></span> <span class='ocrx_word' id='word_1_148' title='bbox 1001 2318 1168 2403; x_wconf 89' lang='lat' dir='ltr'><strong>colligendi</strong></span> <span class='ocrx_word' id='word_1_149' title='bbox 1189 2327 1221 2384; x_wconf 92' lang='lat' dir='ltr'><strong>et</strong></span> <span class='ocrx_word' id='word_1_150' title='bbox 1240 2320 1422 2404; x_wconf 87' lang='lat' dir='ltr'><strong>accipiendi,</strong></span> <span class='ocrx_word' id='word_1_151' title='bbox 1443 2340 1481 2384; x_wconf 91' lang='lat' dir='ltr'><strong>ac</strong></span> 
     </span>
     <span class='ocr_line' id='line_1_20' title="bbox 170 2417 1479 2502; baseline 0.001 -21"><span class='ocrx_word' id='word_1_152' title='bbox 170 2418 414 2482; x_wconf 89' lang='lat' dir='ltr'><strong>contradictores</strong></span> <span class='ocrx_word' id='word_1_153' title='bbox 441 2424 472 2482; x_wconf 89' lang='lat' dir='ltr'><strong>et</strong></span> <span class='ocrx_word' id='word_1_154' title='bbox 501 2417 633 2483; x_wconf 90' lang='lat' dir='ltr'><strong>rebelles</strong></span> <span class='ocrx_word' id='word_1_155' title='bbox 662 2418 880 2502; x_wconf 89' lang='lat' dir='ltr'><strong>compescendi</strong></span> <span class='ocrx_word' id='word_1_156' title='bbox 902 2438 939 2481; x_wconf 91' lang='lat' dir='ltr'><strong>ac</strong></span> <span class='ocrx_word' id='word_1_157' title='bbox 966 2418 1121 2500; x_wconf 89' lang='lat' dir='ltr'><strong>puniendi</strong></span> <span class='ocrx_word' id='word_1_158' title='bbox 1141 2417 1326 2482; x_wconf 86' lang='lat' dir='ltr'><strong>cohercione</strong></span> <span class='ocrx_word' id='word_1_159' title='bbox 1346 2426 1378 2481; x_wconf 90' lang='lat' dir='ltr'><strong>et</strong></span> <span class='ocrx_word' id='word_1_160' title='bbox 1397 2437 1479 2500; x_wconf 88' lang='lat' dir='ltr'><strong>pena</strong></span> 
     </span>
     <span class='ocr_line' id='line_1_21' title="bbox 173 2515 1480 2600; baseline -0.001 -20"><span class='ocrx_word' id='word_1_161' title='bbox 173 2517 288 2580; x_wconf 88' lang='lat' dir='ltr'><strong>debitis</strong></span> <span class='ocrx_word' id='word_1_162' title='bbox 308 2523 339 2580; x_wconf 91' lang='lat' dir='ltr'><strong>et</strong></span> <span class='ocrx_word' id='word_1_163' title='bbox 357 2517 537 2600; x_wconf 86' lang='lat' dir='ltr'><strong>condignis,</strong></span> <span class='ocrx_word' id='word_1_164' title='bbox 558 2519 689 2600; x_wconf 88' lang='lat' dir='ltr'><strong>insuper</strong></span> <span class='ocrx_word' id='word_1_165' title='bbox 710 2516 766 2580; x_wconf 91' lang='lat' dir='ltr'><strong>tibi</strong></span> <span class='ocrx_word' id='word_1_166' title='bbox 788 2519 989 2594; x_wconf 88' lang='lat' dir='ltr'><strong>mandantes,</strong></span> <span class='ocrx_word' id='word_1_167' title='bbox 1010 2521 1168 2599; x_wconf 88' lang='lat' dir='ltr'><strong>qnatenus</strong></span> <span class='ocrx_word' id='word_1_168' title='bbox 1188 2517 1307 2578; x_wconf 88' lang='lat' dir='ltr'><strong>dictum</strong></span> <span class='ocrx_word' id='word_1_169' title='bbox 1328 2515 1480 2579; x_wconf 82' lang='lat' dir='ltr'><strong>allodium</strong></span> 
     </span>
     <span class='ocr_line' id='line_1_22' title="bbox 170 2613 1480 2700; baseline -0.002 -22"><span class='ocrx_word' id='word_1_170' title='bbox 170 2635 209 2678; x_wconf 88' lang='lat' dir='ltr'><strong>ac</strong></span> <span class='ocrx_word' id='word_1_171' title='bbox 233 2617 340 2678; x_wconf 89' lang='lat' dir='ltr'><strong>omnia</strong></span> <span class='ocrx_word' id='word_1_172' title='bbox 367 2620 398 2678; x_wconf 90' lang='lat' dir='ltr'><strong>et</strong></span> <span class='ocrx_word' id='word_1_173' title='bbox 424 2615 550 2700; x_wconf 87' lang='lat' dir='ltr'><strong>singula</strong></span> <span class='ocrx_word' id='word_1_174' title='bbox 571 2615 608 2678; x_wconf 91' lang='lat' dir='ltr'><strong>ad</strong></span> <span class='ocrx_word' id='word_1_175' title='bbox 631 2616 738 2698; x_wconf 88' lang='lat' dir='ltr'><strong>ipsum</strong></span> <span class='ocrx_word' id='word_1_176' title='bbox 763 2615 953 2698; x_wconf 90' lang='lat' dir='ltr'><strong>pertinentia</strong></span> <span class='ocrx_word' id='word_1_177' title='bbox 974 2614 1077 2677; x_wconf 86' lang='lat' dir='ltr'><strong>taliter</strong></span> <span class='ocrx_word' id='word_1_178' title='bbox 1100 2613 1308 2695; x_wconf 86' lang='lat' dir='ltr'><strong>gubernando</strong></span> <span class='ocrx_word' id='word_1_179' title='bbox 1330 2613 1480 2693; x_wconf 87' lang='lat' dir='ltr'><strong>conferes,</strong></span> 
     </span>
     <span class='ocr_line' id='line_1_23' title="bbox 170 2710 1481 2796; baseline -0.001 -19"><span class='ocrx_word' id='word_1_180' title='bbox 170 2713 299 2778; x_wconf 88' lang='lat' dir='ltr'><strong>ordines</strong></span> <span class='ocrx_word' id='word_1_181' title='bbox 317 2718 349 2776; x_wconf 91' lang='lat' dir='ltr'><strong>et</strong></span> <span class='ocrx_word' id='word_1_182' title='bbox 369 2713 534 2796; x_wconf 89' lang='lat' dir='ltr'><strong>disponas,</strong></span> <span class='ocrx_word' id='word_1_183' title='bbox 565 2717 658 2796; x_wconf 89' lang='lat' dir='ltr'><strong>prout</strong></span> <span class='ocrx_word' id='word_1_184' title='bbox 685 2713 762 2777; x_wconf 89' lang='lat' dir='ltr'><strong>utile</strong></span> <span class='ocrx_word' id='word_1_185' title='bbox 788 2718 819 2775; x_wconf 88' lang='lat' dir='ltr'><strong>et</strong></span> <span class='ocrx_word' id='word_1_186' title='bbox 842 2712 991 2796; x_wconf 83' lang='lat' dir='ltr'><strong>expedire</strong></span> <span class='ocrx_word' id='word_1_187' title='bbox 1013 2711 1178 2792; x_wconf 82' lang='lat' dir='ltr'><strong>videbitur,</strong></span> <span class='ocrx_word' id='word_1_188' title='bbox 1198 2717 1230 2776; x_wconf 89' lang='lat' dir='ltr'><strong>et</strong></span> <span class='ocrx_word' id='word_1_189' title='bbox 1249 2710 1342 2775; x_wconf 87' lang='lat' dir='ltr'><strong>nobis</strong></span> <span class='ocrx_word' id='word_1_190' title='bbox 1363 2713 1401 2775; x_wconf 92' lang='lat' dir='ltr'><strong>de</strong></span> <span class='ocrx_word' id='word_1_191' title='bbox 1422 2712 1481 2776; x_wconf 88' lang='lat' dir='ltr'><strong>hoc</strong></span> 
     </span>
     <span class='ocr_line' id='line_1_24' title="bbox 171 2811 1480 2894; baseline -0.002 -19"><span class='ocrx_word' id='word_1_192' title='bbox 171 2812 328 2893; x_wconf 82' lang='lat' dir='ltr'><strong>ydoneam</strong></span> <span class='ocrx_word' id='word_1_193' title='bbox 352 2811 458 2875; x_wconf 86' lang='lat' dir='ltr'><strong>valeas</strong></span> <span class='ocrx_word' id='word_1_194' title='bbox 478 2811 607 2874; x_wconf 88' lang='lat' dir='ltr'><strong>reddere</strong></span> <span class='ocrx_word' id='word_1_195' title='bbox 627 2812 795 2874; x_wconf 77' lang='lat' dir='ltr'><strong>maionem.</strong></span> <span class='ocrx_word' id='word_1_196' title='bbox 837 2811 877 2873; x_wconf 93' lang='lat' dir='ltr'><strong>In</strong></span> <span class='ocrx_word' id='word_1_197' title='bbox 899 2811 992 2874; x_wconf 88' lang='lat' dir='ltr'><strong>cuius</strong></span> <span class='ocrx_word' id='word_1_198' title='bbox 1014 2812 1059 2873; x_wconf 88' lang='lat' dir='ltr'><strong>rei</strong></span> <span class='ocrx_word' id='word_1_199' title='bbox 1080 2811 1297 2874; x_wconf 81' lang='lat' dir='ltr'><strong>testimonium</strong></span> <span class='ocrx_word' id='word_1_200' title='bbox 1319 2817 1480 2894; x_wconf 89' lang='lat' dir='ltr'><strong>presentes</strong></span> 
     </span>
     <span class='ocr_line' id='line_1_25' title="bbox 170 2906 1479 2992; baseline -0.003 -19"><span class='ocrx_word' id='word_1_201' title='bbox 170 2911 291 2976; x_wconf 86' lang='lat' dir='ltr'><strong>litteras</strong></span> <span class='ocrx_word' id='word_1_202' title='bbox 314 2909 409 2992; x_wconf 88' lang='lat' dir='ltr'><strong>sigilli</strong></span> <span class='ocrx_word' id='word_1_203' title='bbox 429 2911 529 2973; x_wconf 89' lang='lat' dir='ltr'><strong>nostri</strong></span> <span class='ocrx_word' id='word_1_204' title='bbox 550 2910 730 2973; x_wconf 88' lang='lat' dir='ltr'><strong>munimine</strong></span> <span class='ocrx_word' id='word_1_205' title='bbox 751 2909 807 2973; x_wconf 91' lang='lat' dir='ltr'><strong>tibi</strong></span> <span class='ocrx_word' id='word_1_206' title='bbox 830 2909 984 2972; x_wconf 89' lang='lat' dir='ltr'><strong>tradimus</strong></span> <span class='ocrx_word' id='word_1_207' title='bbox 1012 2909 1233 2973; x_wconf 85' lang='lat' dir='ltr'><strong>communitas.</strong></span> <span class='ocrx_word' id='word_1_208' title='bbox 1276 2906 1393 2971; x_wconf 90' lang='lat' dir='ltr'><strong>Datum</strong></span> <span class='ocrx_word' id='word_1_209' title='bbox 1415 2907 1479 2970; x_wconf 82' lang='lat' dir='ltr'><strong>Elt-</strong></span> 
     </span>
     <span class='ocr_line' id='line_1_26' title="bbox 169 3004 1056 3073; baseline 0 -2"><span class='ocrx_word' id='word_1_210' title='bbox 169 3009 214 3072; x_wconf 88' lang='lat' dir='ltr'><strong>vil</strong></span> <span class='ocrx_word' id='word_1_211' title='bbox 236 3011 268 3072; x_wconf 90' lang='lat' dir='ltr'><strong>in</strong></span> <span class='ocrx_word' id='word_1_212' title='bbox 292 3009 342 3073; x_wconf 88' lang='lat' dir='ltr'><strong>die</strong></span> <span class='ocrx_word' id='word_1_213' title='bbox 363 3027 439 3072; x_wconf 88' lang='lat' dir='ltr'><strong>cene</strong></span> <span class='ocrx_word' id='word_1_214' title='bbox 460 3029 544 3072; x_wconf 92' lang='lat' dir='ltr'><strong>anno</strong></span> <span class='ocrx_word' id='word_1_215' title='bbox 565 3006 694 3070; x_wconf 91' lang='lat' dir='ltr'><strong>Domini</strong></span> <span class='ocrx_word' id='word_1_216' title='bbox 717 3005 871 3070; x_wconf 67' lang='grc' dir='ltr'><strong>010000ο</strong></span> <span class='ocrx_word' id='word_1_217' title='bbox 886 3004 920 3070; x_wconf 83' lang='lat' dir='ltr'>L</span> <span class='ocrx_word' id='word_1_218' title='bbox 937 3012 1056 3071; x_wconf 86' lang='lat' dir='ltr'><strong>octavo.</strong></span> 
     </span>
    </p>
   </div>
   <div class='ocr_carea' id='block_1_5' title="bbox 171 3240 1478 3350">
    <p class='ocr_par' dir='ltr' id='par_1_6' title="bbox 171 3240 1478 3350">
     <span class='ocr_line' id='line_1_27' title="bbox 171 3240 1478 3350; baseline -0.002 -20"><span class='ocrx_word' id='word_1_219' title='bbox 171 3249 286 3332; x_wconf 82' lang='grc'><strong>1358.</strong></span> <span class='ocrx_word' id='word_1_220' title='bbox 313 3248 441 3350; x_wconf 78' lang='lat' dir='ltr'><strong>Aprll</strong></span> <span class='ocrx_word' id='word_1_221' title='bbox 467 3248 506 3330; x_wconf 88' lang='grc'><strong>8.</strong></span> <span class='ocrx_word' id='word_1_222' title='bbox 1164 3309 1174 3326; x_wconf 95' lang='grc'><strong>.</strong></span> <span class='ocrx_word' id='word_1_223' title='bbox 1388 3240 1478 3327; x_wconf 75' lang='grc'><strong>507.</strong></span> 
     </span>
    </p>
   </div>
   <div class='ocr_carea' id='block_1_6' title="bbox 270 3377 1481 3756">
    <p class='ocr_par' dir='ltr' id='par_1_7' title="bbox 270 3377 1481 3756">
     <span class='ocr_line' id='line_1_28' title="bbox 272 3377 1481 3462; baseline -0.004 -14"><span class='ocrx_word' id='word_1_224' title='bbox 272 3385 313 3448; x_wconf 81' lang='lat' dir='ltr'><strong>Ia</strong></span> <span class='ocrx_word' id='word_1_225' title='bbox 339 3385 409 3448; x_wconf 84' lang='lat' dir='ltr'><strong>dem</strong></span> <span class='ocrx_word' id='word_1_226' title='bbox 433 3383 601 3460; x_wconf 80' lang='lat' dir='ltr'><strong>Biiadrris,</strong></span> <span class='ocrx_word' id='word_1_227' title='bbox 632 3381 756 3446; x_wconf 67' lang='lat' dir='ltr'><strong>addon</strong></span> <span class='ocrx_word' id='word_1_228' title='bbox 786 3381 924 3462; x_wconf 78' lang='lat' dir='ltr'><strong>Bisclrof</strong></span> <span class='ocrx_word' id='word_1_229' title='bbox 945 3379 1082 3460; x_wconf 74' lang='lat' dir='ltr'><strong>Inrdwip</strong></span> <span class='ocrx_word' id='word_1_230' title='bbox 1101 3398 1161 3443; x_wconf 82' lang='lat' dir='ltr'><strong>oon</strong></span> <span class='ocrx_word' id='word_1_231' title='bbox 1182 3377 1386 3444; x_wconf 74' lang='lat' dir='ltr'><strong>Helberstcdt</strong></span> <span class='ocrx_word' id='word_1_232' title='bbox 1410 3381 1481 3443; x_wconf 79' lang='lat' dir='ltr'><strong>aad</strong></span> 
     </span>
     <span class='ocr_line' id='line_1_29' title="bbox 271 3477 1480 3562; baseline -0.004 -16"><span class='ocrx_word' id='word_1_233' title='bbox 271 3483 339 3546; x_wconf 82' lang='lat' dir='ltr'><strong>seia</strong></span> <span class='ocrx_word' id='word_1_234' title='bbox 359 3483 502 3560; x_wconf 79' lang='lat' dir='ltr'><strong>Brudcr,</strong></span> <span class='ocrx_word' id='word_1_235' title='bbox 531 3481 711 3562; x_wconf 71' lang='lat' dir='ltr'><strong>Morituros</strong></span> <span class='ocrx_word' id='word_1_236' title='bbox 726 3479 893 3544; x_wconf 77' lang='lat' dir='ltr'><strong>Friedrich</strong></span> <span class='ocrx_word' id='word_1_237' title='bbox 915 3499 973 3542; x_wconf 82' lang='lat' dir='ltr'><strong>von</strong></span> <span class='ocrx_word' id='word_1_238' title='bbox 995 3478 1142 3554; x_wconf 83' lang='lat' dir='ltr'><strong>Meissen,</strong></span> <span class='ocrx_word' id='word_1_239' title='bbox 1162 3479 1221 3541; x_wconf 85' lang='lat' dir='ltr'><strong>mit</strong></span> <span class='ocrx_word' id='word_1_240' title='bbox 1237 3478 1298 3541; x_wconf 80' lang='lat' dir='ltr'><strong>den</strong></span> <span class='ocrx_word' id='word_1_241' title='bbox 1318 3477 1480 3560; x_wconf 74' lang='lat' dir='ltr'><strong>Herrdoerr</strong></span> 
     </span>
     <span class='ocr_line' id='line_1_30' title="bbox 272 3576 1480 3656; baseline -0.004 -11"><span class='ocrx_word' id='word_1_242' title='bbox 272 3579 373 3646; x_wconf 71' lang='lat' dir='ltr'><strong>Ernst</strong></span> <span class='ocrx_word' id='word_1_243' title='bbox 393 3581 419 3643; x_wconf 90' lang='lat' dir='ltr'><strong>I.</strong></span> <span class='ocrx_word' id='word_1_244' title='bbox 445 3580 515 3644; x_wconf 80' lang='lat' dir='ltr'><strong>arad</strong></span> <span class='ocrx_word' id='word_1_245' title='bbox 536 3579 636 3642; x_wconf 76' lang='lat' dir='ltr'><strong>Ernst</strong></span> <span class='ocrx_word' id='word_1_246' title='bbox 656 3579 702 3644; x_wconf 85' lang='lat'><strong>11.</strong></span> <span class='ocrx_word' id='word_1_247' title='bbox 725 3598 783 3642; x_wconf 79' lang='lat' dir='ltr'><strong>oon</strong></span> <span class='ocrx_word' id='word_1_248' title='bbox 803 3577 1053 3656; x_wconf 72' lang='lat' dir='ltr'><strong>Bromrscbweip</strong></span> <span class='ocrx_word' id='word_1_249' title='bbox 1072 3576 1250 3654; x_wconf 76' lang='lat' dir='ltr'><strong>sclrliesserr,</strong></span> <span class='ocrx_word' id='word_1_250' title='bbox 1279 3576 1409 3640; x_wconf 68' lang='lat' dir='ltr'><strong>ratimari</strong></span> <span class='ocrx_word' id='word_1_251' title='bbox 1435 3577 1480 3640; x_wconf 80' lang='lat' dir='ltr'><strong>sic</strong></span> 
     </span>
     <span class='ocr_line' id='line_1_31' title="bbox 270 3673 1149 3756; baseline -0.008 -14"><span class='ocrx_word' id='word_1_252' title='bbox 270 3683 364 3742; x_wconf 80' lang='lat' dir='ltr'><strong>anter</strong></span> <span class='ocrx_word' id='word_1_253' title='bbox 382 3679 521 3742; x_wconf 66' lang='lat' dir='ltr'><strong>andrea</strong></span> <span class='ocrx_word' id='word_1_254' title='bbox 541 3677 623 3740; x_wconf 69' lang='lat' dir='ltr'><strong>auct</strong></span> <span class='ocrx_word' id='word_1_255' title='bbox 643 3677 695 3740; x_wconf 83' lang='lat' dir='ltr'><strong>die</strong></span> <span class='ocrx_word' id='word_1_256' title='bbox 715 3675 841 3756; x_wconf 76' lang='lat' dir='ltr'><strong>Bdryer</strong></span> <span class='ocrx_word' id='word_1_257' title='bbox 861 3695 921 3739; x_wconf 81' lang='lat' dir='ltr'><strong>oon</strong></span> <span class='ocrx_word' id='word_1_258' title='bbox 941 3673 1062 3755; x_wconf 70' lang='lat' dir='ltr'><strong>Erfurt</strong></span> <span class='ocrx_word' id='word_1_259' title='bbox 1081 3695 1149 3737; x_wconf 80' lang='lat' dir='ltr'><strong>aas.</strong></span> 
     </span>
    </p>
   </div>
   <div class='ocr_carea' id='block_1_7' title="bbox 323 3791 1134 3862">
    <p class='ocr_par' dir='ltr' id='par_1_8' title="bbox 323 3791 1134 3862">
     <span class='ocr_line' id='line_1_32' title="bbox 323 3791 1134 3862; baseline -0.006 -12"><span class='ocrx_word' id='word_1_260' title='bbox 323 3795 452 3862; x_wconf 77' lang='lat' dir='ltr'><strong>Schmidt,</strong></span> <span class='ocrx_word' id='word_1_261' title='bbox 476 3795 533 3850; x_wconf 85' lang='lat' dir='ltr'><strong>UB.</strong></span> <span class='ocrx_word' id='word_1_262' title='bbox 548 3795 574 3849; x_wconf 86' lang='lat' dir='ltr'><strong>d.</strong></span> <span class='ocrx_word' id='word_1_263' title='bbox 590 3793 700 3850; x_wconf 82' lang='lat' dir='ltr'><strong>Hocbst.</strong></span> <span class='ocrx_word' id='word_1_264' title='bbox 720 3792 897 3848; x_wconf 77' lang='lat' dir='ltr'><strong>Haibsrstadt</strong></span> <span class='ocrx_word' id='word_1_265' title='bbox 914 3791 974 3859; x_wconf 83' lang='lat'><strong>111,</strong></span> <span class='ocrx_word' id='word_1_266' title='bbox 993 3792 1046 3849; x_wconf 87' lang='lat' dir='ltr'><strong>Nr.</strong></span> <span class='ocrx_word' id='word_1_267' title='bbox 1054 3795 1134 3847; x_wconf 78' lang='lat'><em>2501.</em></span> 
     </span>
    </p>
   </div>
   <div class='ocr_carea' id='block_1_8' title="bbox 174 4001 1476 4127">
    <p class='ocr_par' dir='ltr' id='par_1_9' title="bbox 174 4001 1476 4127">
     <span class='ocr_line' id='line_1_33' title="bbox 174 4001 1476 4127; baseline -0.005 -19"><span class='ocrx_word' id='word_1_268' title='bbox 174 4001 287 4110; x_wconf 80' lang='grc'><strong>1858.</strong></span> <span class='ocrx_word' id='word_1_269' title='bbox 315 4023 441 4127; x_wconf 81' lang='lat' dir='ltr'><strong>April</strong></span> <span class='ocrx_word' id='word_1_270' title='bbox 469 4021 753 4120; x_wconf 66' lang='lat' dir='ltr'><strong>saltatura</strong></span> <span class='ocrx_word' id='word_1_271' title='bbox 972 4103 984 4122; x_wconf 39' lang='lat' dir='ltr'><strong><em>s</em></strong></span> <span class='ocrx_word' id='word_1_272' title='bbox 1382 4017 1476 4102; x_wconf 89' lang='grc'><strong>508.</strong></span> 
     </span>
    </p>
   </div>
   <div class='ocr_carea' id='block_1_9' title="bbox 271 4153 1478 4337">
    <p class='ocr_par' dir='ltr' id='par_1_10' title="bbox 271 4153 1478 4337">
     <span class='ocr_line' id='line_1_34' title="bbox 272 4153 1478 4240; baseline -0.006 -14"><span class='ocrx_word' id='word_1_273' title='bbox 272 4161 418 4226; x_wconf 81' lang='lat' dir='ltr'><strong>Albrccht</strong></span> <span class='ocrx_word' id='word_1_274' title='bbox 438 4161 507 4224; x_wconf 80' lang='lat' dir='ltr'><strong>aad</strong></span> <span class='ocrx_word' id='word_1_275' title='bbox 527 4159 702 4236; x_wconf 71' lang='lat' dir='ltr'><strong>Friedrich,</strong></span> <span class='ocrx_word' id='word_1_276' title='bbox 724 4158 934 4240; x_wconf 77' lang='lat' dir='ltr'><strong>Barpprofert</strong></span> <span class='ocrx_word' id='word_1_277' title='bbox 947 4176 1007 4221; x_wconf 81' lang='lat' dir='ltr'><strong>oon</strong></span> <span class='ocrx_word' id='word_1_278' title='bbox 1019 4154 1201 4233; x_wconf 77' lang='lat' dir='ltr'><strong>Nirrrberp,</strong></span> <span class='ocrx_word' id='word_1_279' title='bbox 1222 4153 1293 4216; x_wconf 79' lang='lat' dir='ltr'><strong>ard</strong></span> <span class='ocrx_word' id='word_1_280' title='bbox 1313 4153 1478 4219; x_wconf 74' lang='lat' dir='ltr'><strong>Friedrich</strong></span> 
     </span>
     <span class='ocr_line' id='line_1_35' title="bbox 271 4250 1478 4337; baseline -0.007 -13"><span class='ocrx_word' id='word_1_281' title='bbox 271 4259 339 4324; x_wconf 80' lang='lat' dir='ltr'><strong>und</strong></span> <span class='ocrx_word' id='word_1_282' title='bbox 371 4258 563 4333; x_wconf 80' lang='lat' dir='ltr'><strong>Boltbosor,</strong></span> <span class='ocrx_word' id='word_1_283' title='bbox 605 4256 818 4337; x_wconf 73' lang='lat' dir='ltr'><strong>Morkprascn</strong></span> <span class='ocrx_word' id='word_1_284' title='bbox 848 4275 908 4318; x_wconf 83' lang='lat' dir='ltr'><strong>orm</strong></span> <span class='ocrx_word' id='word_1_285' title='bbox 938 4255 1093 4328; x_wconf 80' lang='lat' dir='ltr'><strong>Meisscrr,</strong></span> <span class='ocrx_word' id='word_1_286' title='bbox 1132 4250 1297 4314; x_wconf 76' lang='lat' dir='ltr'><strong>sclrliesser</strong></span> <span class='ocrx_word' id='word_1_287' title='bbox 1332 4252 1390 4315; x_wconf 73' lang='lat' dir='ltr'><strong>mir</strong></span> <span class='ocrx_word' id='word_1_288' title='bbox 1417 4253 1478 4315; x_wconf 81' lang='lat' dir='ltr'><strong>den</strong></span> 
     </span>
    </p>
   </div>
   <div class='ocr_carea' id='block_1_10' title="bbox 271 4349 1598 4437">
    <p class='ocr_par' dir='ltr' id='par_1_11' title="bbox 271 4349 1598 4437">
     <span class='ocr_line' id='line_1_36' title="bbox 271 4349 1598 4437; baseline -0.007 -17"><span class='ocrx_word' id='word_1_289' title='bbox 271 4356 443 4437; x_wconf 74' lang='lat' dir='ltr'><strong>Bisrlrdfen</strong></span> <span class='ocrx_word' id='word_1_290' title='bbox 463 4376 522 4421; x_wconf 82' lang='lat' dir='ltr'><strong>oco</strong></span> <span class='ocrx_word' id='word_1_291' title='bbox 536 4355 693 4434; x_wconf 75' lang='lat' dir='ltr'><strong>Buorbcry</strong></span> <span class='ocrx_word' id='word_1_292' title='bbox 708 4354 778 4416; x_wconf 77' lang='lat' dir='ltr'><strong>trad</strong></span> <span class='ocrx_word' id='word_1_293' title='bbox 796 4352 973 4433; x_wconf 74' lang='lat' dir='ltr'><strong>Witrrbary</strong></span> <span class='ocrx_word' id='word_1_294' title='bbox 990 4353 1041 4414; x_wconf 82' lang='lat' dir='ltr'><strong>cio</strong></span> <span class='ocrx_word' id='word_1_295' title='bbox 1056 4349 1218 4424; x_wconf 74' lang='lat' dir='ltr'><strong>Bindoia</strong></span> <span class='ocrx_word' id='word_1_296' title='bbox 1240 4368 1478 4429; x_wconf 75' lang='lat' dir='ltr'><strong>ousyenommcrr</strong></span> <span class='ocrx_word' id='word_1_297' title='bbox 1593 4376 1598 4396; x_wconf 62' lang='grc' dir='ltr'><strong><em>ι</em></strong></span> 
     </span>
    </p>
   </div>
   <div class='ocr_carea' id='block_1_11' title="bbox 269 4451 924 4537">
    <p class='ocr_par' dir='ltr' id='par_1_12' title="bbox 269 4451 924 4537">
     <span class='ocr_line' id='line_1_37' title="bbox 269 4451 924 4537; baseline -0.008 -19"><span class='ocrx_word' id='word_1_298' title='bbox 269 4473 364 4537; x_wconf 73' lang='lat' dir='ltr'><strong>orgen</strong></span> <span class='ocrx_word' id='word_1_299' title='bbox 385 4454 437 4518; x_wconf 83' lang='lat' dir='ltr'><strong>dio</strong></span> <span class='ocrx_word' id='word_1_300' title='bbox 458 4453 549 4518; x_wconf 81' lang='lat' dir='ltr'><strong>Sturii</strong></span> <span class='ocrx_word' id='word_1_301' title='bbox 569 4451 688 4531; x_wconf 82' lang='lat' dir='ltr'><strong>Erfurt</strong></span> <span class='ocrx_word' id='word_1_302' title='bbox 708 4452 777 4515; x_wconf 82' lang='lat' dir='ltr'><strong>arrd</strong></span> <span class='ocrx_word' id='word_1_303' title='bbox 799 4451 924 4514; x_wconf 77' lang='lat' dir='ltr'><strong>madore.</strong></span> 
     </span>
    </p>
   </div>
   <div class='ocr_carea' id='block_1_12' title="bbox 319 4571 1461 4688">
    <p class='ocr_par' dir='ltr' id='par_1_13' title="bbox 319 4571 1461 4688">
     <span class='ocr_line' id='line_1_38' title="bbox 319 4571 1461 4688; baseline -0.017 -59"><span class='ocrx_word' id='word_1_304' title='bbox 319 4573 503 4638; x_wconf 58' lang='lat' dir='ltr'><strong>mo,</strong></span> <span class='ocrx_word' id='word_1_305' title='bbox 522 4572 539 4628; x_wconf 85' lang='lat' dir='ltr'><strong>l.</strong></span> <span class='ocrx_word' id='word_1_306' title='bbox 549 4589 570 4627; x_wconf 86' lang='lat' dir='ltr'><strong>c.</strong></span> <span class='ocrx_word' id='word_1_307' title='bbox 586 4571 613 4624; x_wconf 84' lang='lat' dir='ltr'><strong>S.</strong></span> <span class='ocrx_word' id='word_1_308' title='bbox 624 4573 683 4624; x_wconf 81' lang='lat'><strong><em>179.</em></strong></span> <span class='ocrx_word' id='word_1_309' title='bbox 1269 4632 1325 4688; x_wconf 54' lang='grc'><strong>26*</strong></span> <span class='ocrx_word' id='word_1_310' title='bbox 1457 4602 1461 4610; x_wconf 94' lang='grc'><strong>.</strong></span> 
     </span>
    </p>
   </div>
   <div class='ocr_carea' id='block_1_13' title="bbox 0 0 1768 5209">
    <p class='ocr_par' dir='ltr' id='par_1_14' title="bbox 0 0 1768 5209">
     <span class='ocr_line' id='line_1_39' title="bbox 0 0 1768 5209; baseline 0 0"><span class='ocrx_word' id='word_1_311' title='bbox 0 0 1768 5209; x_wconf 95' lang='lat' dir='ltr'><strong> </strong></span> 
     </span>
    </p>
   </div>
  </div>
 </body>
</html>
