<?xml version="1.0" encoding="UTF-8"?>
<!DOCTYPE html PUBLIC "-//W3C//DTD XHTML 1.0 Transitional//EN"
    "http://www.w3.org/TR/xhtml1/DTD/xhtml1-transitional.dtd">
<html xmlns="http://www.w3.org/1999/xhtml" xml:lang="en" lang="en">
 <head>
  <title>
</title>
<meta http-equiv="Content-Type" content="text/html;charset=utf-8" />
  <meta name='ocr-system' content='tesseract 3.04.00' />
  <meta name='ocr-capabilities' content='ocr_page ocr_carea ocr_par ocr_line ocrx_word'/>
</head>
<body>
  <div class='ocr_page' id='page_1' title='image "./urkundenbuchder04sachgoog_0142.png"; bbox 0 0 3525 5209; ppageno 0'>
   <div class='ocr_carea' id='block_1_1' title="bbox 479 399 1485 464">
    <p class='ocr_par' dir='ltr' id='par_1_1' title="bbox 479 399 1485 464">
     <span class='ocr_line' id='line_1_1' title="bbox 479 399 1485 464; baseline -0.004 -2"><span class='ocrx_word' id='word_1_1' title='bbox 479 403 711 463; x_wconf 86' lang='lat' dir='ltr'><strong>Urkundenbuch</strong></span> <span class='ocrx_word' id='word_1_2' title='bbox 729 403 779 462; x_wconf 90' lang='lat' dir='ltr'><strong>dcr</strong></span> <span class='ocrx_word' id='word_1_3' title='bbox 796 405 880 462; x_wconf 78' lang='lat' dir='ltr'><strong>stadt</strong></span> <span class='ocrx_word' id='word_1_4' title='bbox 898 399 1018 462; x_wconf 68' lang='lat' dir='ltr'><strong>unna</strong></span> <span class='ocrx_word' id='word_1_5' title='bbox 1039 404 1081 464; x_wconf 92' lang='grc' dir='ltr'><strong>ΙΙ.</strong></span> <span class='ocrx_word' id='word_1_6' title='bbox 1093 402 1180 462; x_wconf 81' lang='lat' dir='ltr'><strong>Theil.</strong></span> <span class='ocrx_word' id='word_1_7' title='bbox 1425 404 1485 459; x_wconf 30' lang='lat'><strong>,129</strong></span> 
     </span>
    </p>
   </div>
   <div class='ocr_carea' id='block_1_2' title="bbox 161 544 1487 4721">
    <p class='ocr_par' dir='ltr' id='par_1_2' title="bbox 161 544 1487 4721">
     <span class='ocr_line' id='line_1_2' title="bbox 172 544 1484 642; baseline -0.003 -20"><span class='ocrx_word' id='word_1_8' title='bbox 172 558 319 642; x_wconf 86' lang='lat' dir='ltr'><strong>episcopo</strong></span> <span class='ocrx_word' id='word_1_9' title='bbox 349 544 552 632; x_wconf 56' lang='lat' dir='ltr'><strong>bavarensi,</strong></span> <span class='ocrx_word' id='word_1_10' title='bbox 585 559 638 622; x_wconf 88' lang='lat' dir='ltr'><strong>cni</strong></span> <span class='ocrx_word' id='word_1_11' title='bbox 665 576 758 642; x_wconf 86' lang='lat' dir='ltr'><strong>par..</strong></span> <span class='ocrx_word' id='word_1_12' title='bbox 788 561 1032 642; x_wconf 71' lang='lat' dir='ltr'><strong>prepositum..</strong></span> <span class='ocrx_word' id='word_1_13' title='bbox 1062 554 1217 620; x_wconf 82' lang='lat' dir='ltr'><strong>decanum</strong></span> <span class='ocrx_word' id='word_1_14' title='bbox 1250 559 1282 618; x_wconf 88' lang='lat' dir='ltr'><strong>et</strong></span> <span class='ocrx_word' id='word_1_15' title='bbox 1311 553 1484 638; x_wconf 90' lang='lat' dir='ltr'><strong>capitulum</strong></span> 
     </span>
     <span class='ocr_line' id='line_1_3' title="bbox 173 652 1484 738; baseline -0.002 -19"><span class='ocrx_word' id='word_1_16' title='bbox 173 655 320 719; x_wconf 87' lang='lat' dir='ltr'><strong>eiusdem</strong></span> <span class='ocrx_word' id='word_1_17' title='bbox 342 656 474 719; x_wconf 89' lang='lat' dir='ltr'><strong>ecclesie</strong></span> <span class='ocrx_word' id='word_1_18' title='bbox 501 654 688 738; x_wconf 80' lang='lat' dir='ltr'><strong>Magantiue</strong></span> <span class='ocrx_word' id='word_1_19' title='bbox 713 655 943 719; x_wconf 79' lang='lat' dir='ltr'><strong>administratio</strong></span> <span class='ocrx_word' id='word_1_20' title='bbox 971 654 1184 738; x_wconf 78' lang='lat' dir='ltr'><strong>spiritualium</strong></span> <span class='ocrx_word' id='word_1_21' title='bbox 1214 657 1245 716; x_wconf 91' lang='lat' dir='ltr'><strong>et</strong></span> <span class='ocrx_word' id='word_1_22' title='bbox 1264 652 1484 736; x_wconf 74' lang='lat' dir='ltr'><strong>temporalium</strong></span> 
     </span>
     <span class='ocr_line' id='line_1_4' title="bbox 174 749 1487 836; baseline -0.002 -20"><span class='ocrx_word' id='word_1_23' title='bbox 174 753 319 817; x_wconf 89' lang='lat' dir='ltr'><strong>ciusdem</strong></span> <span class='ocrx_word' id='word_1_24' title='bbox 353 753 484 817; x_wconf 90' lang='lat' dir='ltr'><strong>ecclesie</strong></span> <span class='ocrx_word' id='word_1_25' title='bbox 510 753 603 836; x_wconf 88' lang='lat' dir='ltr'><strong>plana</strong></span> <span class='ocrx_word' id='word_1_26' title='bbox 623 771 659 816; x_wconf 90' lang='lat' dir='ltr'><strong>ac</strong></span> <span class='ocrx_word' id='word_1_27' title='bbox 676 751 788 832; x_wconf 89' lang='lat' dir='ltr'><strong>libera,</strong></span> <span class='ocrx_word' id='word_1_28' title='bbox 816 771 1012 836; x_wconf 86' lang='lat' dir='ltr'><strong>quamquam</strong></span> <span class='ocrx_word' id='word_1_29' title='bbox 1037 751 1097 814; x_wconf 90' lang='lat' dir='ltr'><strong>hoe</strong></span> <span class='ocrx_word' id='word_1_30' title='bbox 1118 751 1184 815; x_wconf 88' lang='lat' dir='ltr'><strong>sedi</strong></span> <span class='ocrx_word' id='word_1_31' title='bbox 1205 750 1373 832; x_wconf 89' lang='lat' dir='ltr'><strong>apostolice</strong></span> <span class='ocrx_word' id='word_1_32' title='bbox 1394 749 1487 814; x_wconf 92' lang='lat' dir='ltr'><strong>dum·</strong></span> 
     </span>
     <span class='ocr_line' id='line_1_5' title="bbox 171 850 1487 936; baseline -0.004 -19"><span class='ocrx_word' id='word_1_33' title='bbox 171 858 263 917; x_wconf 82' lang='lat' dir='ltr'><strong>taxat</strong></span> <span class='ocrx_word' id='word_1_34' title='bbox 292 857 470 936; x_wconf 89' lang='lat' dir='ltr'><strong>competere</strong></span> <span class='ocrx_word' id='word_1_35' title='bbox 496 851 693 925; x_wconf 80' lang='lat' dir='ltr'><strong>dinoscatur,</strong></span> <span class='ocrx_word' id='word_1_36' title='bbox 720 869 785 913; x_wconf 92' lang='lat' dir='ltr'><strong>non</strong></span> <span class='ocrx_word' id='word_1_37' title='bbox 818 850 940 933; x_wconf 85' lang='lat' dir='ltr'><strong>absque</strong></span> <span class='ocrx_word' id='word_1_38' title='bbox 973 867 1088 932; x_wconf 84' lang='lat' dir='ltr'><strong>magna</strong></span> <span class='ocrx_word' id='word_1_39' title='bbox 1118 850 1292 914; x_wconf 86' lang='lat' dir='ltr'><strong>temeritate</strong></span> <span class='ocrx_word' id='word_1_40' title='bbox 1317 851 1487 912; x_wconf 86' lang='lat' dir='ltr'><strong>commissa</strong></span> 
     </span>
     <span class='ocr_line' id='line_1_6' title="bbox 169 944 1487 1031; baseline -0.005 -16"><span class='ocrx_word' id='word_1_41' title='bbox 169 951 290 1028; x_wconf 83' lang='lat' dir='ltr'><strong>fuerat,</strong></span> <span class='ocrx_word' id='word_1_42' title='bbox 322 951 416 1014; x_wconf 91' lang='lat' dir='ltr'><strong>cuius</strong></span> <span class='ocrx_word' id='word_1_43' title='bbox 446 949 682 1012; x_wconf 79' lang='lat' dir='ltr'><strong>commissionis</strong></span> <span class='ocrx_word' id='word_1_44' title='bbox 711 954 857 1031; x_wconf 84' lang='lat' dir='ltr'><strong>pretextu</strong></span> <span class='ocrx_word' id='word_1_45' title='bbox 889 947 972 1010; x_wconf 91' lang='lat' dir='ltr'><strong>idem</strong></span> <span class='ocrx_word' id='word_1_46' title='bbox 1004 947 1258 1031; x_wconf 90' lang='lat' dir='ltr'><strong>archiepiscopus</strong></span> <span class='ocrx_word' id='word_1_47' title='bbox 1285 944 1487 1010; x_wconf 82' lang='lat' dir='ltr'><strong>lheverensis</strong></span> 
     </span>
     <span class='ocr_line' id='line_1_7' title="bbox 169 1042 1482 1129; baseline -0.005 -17"><span class='ocrx_word' id='word_1_48' title='bbox 169 1049 211 1112; x_wconf 92' lang='lat' dir='ltr'><strong>de</strong></span> <span class='ocrx_word' id='word_1_49' title='bbox 228 1049 312 1111; x_wconf 84' lang='lat' dir='ltr'><strong>facte</strong></span> <span class='ocrx_word' id='word_1_50' title='bbox 331 1047 477 1111; x_wconf 90' lang='lat' dir='ltr'><strong>similiter</strong></span> <span class='ocrx_word' id='word_1_51' title='bbox 497 1045 761 1109; x_wconf 85' lang='lat' dir='ltr'><strong>administrationi</strong></span> <span class='ocrx_word' id='word_1_52' title='bbox 781 1045 900 1129; x_wconf 86' lang='lat' dir='ltr'><strong>prefate</strong></span> <span class='ocrx_word' id='word_1_53' title='bbox 921 1063 955 1108; x_wconf 89' lang='lat' dir='ltr'><strong>se</strong></span> <span class='ocrx_word' id='word_1_54' title='bbox 975 1063 1031 1126; x_wconf 89' lang='lat' dir='ltr'><strong>pro</strong></span> <span class='ocrx_word' id='word_1_55' title='bbox 1053 1063 1111 1108; x_wconf 92' lang='lat' dir='ltr'><strong>suo</strong></span> <span class='ocrx_word' id='word_1_56' title='bbox 1132 1043 1221 1108; x_wconf 89' lang='lat' dir='ltr'><strong>libito</strong></span> <span class='ocrx_word' id='word_1_57' title='bbox 1241 1042 1482 1127; x_wconf 80' lang='lat' dir='ltr'><strong>dampnabiliter</strong></span> 
     </span>
     <span class='ocr_line' id='line_1_8' title="bbox 169 1141 1486 1229; baseline -0.005 -20"><span class='ocrx_word' id='word_1_58' title='bbox 169 1145 351 1229; x_wconf 79' lang='lat' dir='ltr'><strong>ingerebat,</strong></span> <span class='ocrx_word' id='word_1_59' title='bbox 385 1143 513 1208; x_wconf 89' lang='lat' dir='ltr'><strong>obedire</strong></span> <span class='ocrx_word' id='word_1_60' title='bbox 549 1143 690 1227; x_wconf 88' lang='lat' dir='ltr'><strong>aliasque</strong></span> <span class='ocrx_word' id='word_1_61' title='bbox 727 1141 789 1205; x_wconf 91' lang='lat' dir='ltr'><strong>sibi</strong></span> <span class='ocrx_word' id='word_1_62' title='bbox 827 1142 977 1206; x_wconf 79' lang='lat' dir='ltr'><strong>adherere</strong></span> <span class='ocrx_word' id='word_1_63' title='bbox 1008 1141 1158 1206; x_wconf 88' lang='lat' dir='ltr'><strong>nolebant</strong></span> <span class='ocrx_word' id='word_1_64' title='bbox 1187 1161 1225 1205; x_wconf 89' lang='lat' dir='ltr'><strong>ac</strong></span> <span class='ocrx_word' id='word_1_65' title='bbox 1255 1141 1414 1206; x_wconf 71' lang='lat' dir='ltr'><strong>(teraldus</strong></span> <span class='ocrx_word' id='word_1_66' title='bbox 1447 1141 1486 1204; x_wconf 93' lang='lat' dir='ltr'><strong>de</strong></span> 
     </span>
     <span class='ocr_line' id='line_1_9' title="bbox 169 1238 1484 1323; baseline -0.002 -17"><span class='ocrx_word' id='word_1_67' title='bbox 169 1242 372 1320; x_wconf 87' lang='lat' dir='ltr'><strong>Battinbcrc,</strong></span> <span class='ocrx_word' id='word_1_68' title='bbox 400 1241 557 1305; x_wconf 88' lang='lat' dir='ltr'><strong>lohannes</strong></span> <span class='ocrx_word' id='word_1_69' title='bbox 578 1241 617 1303; x_wconf 92' lang='lat' dir='ltr'><strong>de</strong></span> <span class='ocrx_word' id='word_1_70' title='bbox 637 1240 806 1323; x_wconf 84' lang='lat' dir='ltr'><strong>lhideberg</strong></span> <span class='ocrx_word' id='word_1_71' title='bbox 830 1247 862 1303; x_wconf 89' lang='lat' dir='ltr'><strong>et</strong></span> <span class='ocrx_word' id='word_1_72' title='bbox 892 1239 1052 1304; x_wconf 89' lang='lat' dir='ltr'><strong>Iohannes</strong></span> <span class='ocrx_word' id='word_1_73' title='bbox 1076 1239 1115 1303; x_wconf 89' lang='lat' dir='ltr'><strong>de</strong></span> <span class='ocrx_word' id='word_1_74' title='bbox 1140 1238 1310 1318; x_wconf 80' lang='lat' dir='ltr'><strong>Fontibus,</strong></span> <span class='ocrx_word' id='word_1_75' title='bbox 1339 1241 1484 1304; x_wconf 88' lang='lat' dir='ltr'><strong>canonici</strong></span> 
     </span>
     <span class='ocr_line' id='line_1_10' title="bbox 169 1335 1486 1422; baseline -0.001 -18"><span class='ocrx_word' id='word_1_76' title='bbox 169 1341 314 1404; x_wconf 89' lang='lat' dir='ltr'><strong>eiusdem</strong></span> <span class='ocrx_word' id='word_1_77' title='bbox 346 1339 477 1403; x_wconf 88' lang='lat' dir='ltr'><strong>ecclesie</strong></span> <span class='ocrx_word' id='word_1_78' title='bbox 510 1335 707 1421; x_wconf 87' lang='lat' dir='ltr'><strong>hlaguutine,</strong></span> <span class='ocrx_word' id='word_1_79' title='bbox 738 1337 777 1401; x_wconf 91' lang='lat' dir='ltr'><strong>ab</strong></span> <span class='ocrx_word' id='word_1_80' title='bbox 809 1337 987 1402; x_wconf 87' lang='lat' dir='ltr'><strong>obedientia</strong></span> <span class='ocrx_word' id='word_1_81' title='bbox 1017 1337 1159 1422; x_wconf 83' lang='lat' dir='ltr'><strong>eiusdem</strong></span> <span class='ocrx_word' id='word_1_82' title='bbox 1192 1337 1420 1421; x_wconf 76' lang='lat' dir='ltr'><strong>predecessoris</strong></span> <span class='ocrx_word' id='word_1_83' title='bbox 1454 1344 1486 1403; x_wconf 90' lang='lat' dir='ltr'><strong>et</strong></span> 
     </span>
     <span class='ocr_line' id='line_1_11' title="bbox 171 1435 1483 1519; baseline -0.001 -18"><span class='ocrx_word' id='word_1_84' title='bbox 171 1438 315 1502; x_wconf 89' lang='lat' dir='ltr'><strong>eiusdem</strong></span> <span class='ocrx_word' id='word_1_85' title='bbox 332 1437 416 1501; x_wconf 88' lang='lat' dir='ltr'><strong>sedis</strong></span> <span class='ocrx_word' id='word_1_86' title='bbox 426 1436 547 1500; x_wconf 88' lang='lat' dir='ltr'><strong>resilire</strong></span> <span class='ocrx_word' id='word_1_87' title='bbox 563 1435 804 1519; x_wconf 88' lang='lat' dir='ltr'><strong>dampnabiliter</strong></span> <span class='ocrx_word' id='word_1_88' title='bbox 818 1441 1038 1518; x_wconf 84' lang='lat' dir='ltr'><strong>presumentes</strong></span> <span class='ocrx_word' id='word_1_89' title='bbox 1058 1454 1154 1514; x_wconf 92' lang='lat' dir='ltr'><strong>super</strong></span> <span class='ocrx_word' id='word_1_90' title='bbox 1170 1435 1230 1499; x_wconf 87' lang='lat' dir='ltr'><strong>hiis</strong></span> <span class='ocrx_word' id='word_1_91' title='bbox 1247 1441 1279 1498; x_wconf 87' lang='lat' dir='ltr'><strong>at</strong></span> <span class='ocrx_word' id='word_1_92' title='bbox 1298 1435 1483 1500; x_wconf 86' lang='lat' dir='ltr'><strong>adherentes</strong></span> 
     </span>
     <span class='ocr_line' id='line_1_12' title="bbox 169 1533 1487 1619; baseline -0.001 -21"><span class='ocrx_word' id='word_1_93' title='bbox 169 1535 405 1619; x_wconf 86' lang='lat' dir='ltr'><strong>archiepiscopo</strong></span> <span class='ocrx_word' id='word_1_94' title='bbox 424 1533 607 1597; x_wconf 67' lang='lat' dir='ltr'><strong>treverensi</strong></span> <span class='ocrx_word' id='word_1_95' title='bbox 630 1533 786 1596; x_wconf 86' lang='lat' dir='ltr'><strong>antedicto</strong></span> <span class='ocrx_word' id='word_1_96' title='bbox 813 1549 912 1615; x_wconf 90' lang='lat' dir='ltr'><strong>seque</strong></span> <span class='ocrx_word' id='word_1_97' title='bbox 938 1534 1033 1596; x_wconf 82' lang='lat' dir='ltr'><strong>edam</strong></span> <span class='ocrx_word' id='word_1_98' title='bbox 1057 1533 1096 1596; x_wconf 90' lang='lat' dir='ltr'><strong>de</strong></span> <span class='ocrx_word' id='word_1_99' title='bbox 1122 1533 1203 1596; x_wconf 86' lang='lat' dir='ltr'><strong>facto</strong></span> <span class='ocrx_word' id='word_1_100' title='bbox 1230 1533 1430 1598; x_wconf 89' lang='lat' dir='ltr'><strong>intitulautes</strong></span> <span class='ocrx_word' id='word_1_101' title='bbox 1455 1539 1487 1598; x_wconf 90' lang='lat' dir='ltr'><strong>et</strong></span> 
     </span>
     <span class='ocr_line' id='line_1_13' title="bbox 169 1628 1482 1715; baseline 0 -19"><span class='ocrx_word' id='word_1_102' title='bbox 169 1631 346 1696; x_wconf 81' lang='lat' dir='ltr'><strong>scribentes</strong></span> <span class='ocrx_word' id='word_1_103' title='bbox 366 1631 486 1695; x_wconf 84' lang='lat' dir='ltr'><strong>iudices</strong></span> <span class='ocrx_word' id='word_1_104' title='bbox 505 1630 778 1715; x_wconf 89' lang='lat' dir='ltr'><strong>archiepiscopalis</strong></span> <span class='ocrx_word' id='word_1_105' title='bbox 797 1631 886 1694; x_wconf 86' lang='lat' dir='ltr'><strong>curie</strong></span> <span class='ocrx_word' id='word_1_106' title='bbox 907 1628 1103 1712; x_wconf 83' lang='lat' dir='ltr'><strong>Maguntine,</strong></span> <span class='ocrx_word' id='word_1_107' title='bbox 1124 1631 1344 1714; x_wconf 86' lang='lat' dir='ltr'><strong>quamvisper</strong></span> <span class='ocrx_word' id='word_1_108' title='bbox 1364 1631 1482 1696; x_wconf 89' lang='lat' dir='ltr'><strong>dictum</strong></span> 
     </span>
     <span class='ocr_line' id='line_1_14' title="bbox 169 1726 1485 1818; baseline 0 -24"><span class='ocrx_word' id='word_1_109' title='bbox 169 1729 349 1794; x_wconf 89' lang='lat' dir='ltr'><strong>Henricum</strong></span> <span class='ocrx_word' id='word_1_110' title='bbox 364 1733 469 1793; x_wconf 85' lang='lat' dir='ltr'><strong>forent</strong></span> <span class='ocrx_word' id='word_1_111' title='bbox 483 1737 515 1792; x_wconf 90' lang='lat' dir='ltr'><strong>ct</strong></span> <span class='ocrx_word' id='word_1_112' title='bbox 534 1735 612 1792; x_wconf 91' lang='lat' dir='ltr'><strong>suut</strong></span> <span class='ocrx_word' id='word_1_113' title='bbox 627 1727 680 1791; x_wconf 87' lang='lat' dir='ltr'><strong>alii</strong></span> <span class='ocrx_word' id='word_1_114' title='bbox 694 1727 817 1791; x_wconf 91' lang='lat' dir='ltr'><strong>iudices</strong></span> <span class='ocrx_word' id='word_1_115' title='bbox 831 1727 971 1818; x_wconf 82' lang='lat' dir='ltr'><strong>legitime</strong></span> <span class='ocrx_word' id='word_1_116' title='bbox 983 1726 1131 1810; x_wconf 87' lang='lat' dir='ltr'><strong>deputati,</strong></span> <span class='ocrx_word' id='word_1_117' title='bbox 1147 1730 1485 1794; x_wconf 85' lang='lat' dir='ltr'><strong>excommunicationis</strong></span> 
     </span>
     <span class='ocr_line' id='line_1_15' title="bbox 170 1823 1483 1912; baseline 0 -20"><span class='ocrx_word' id='word_1_118' title='bbox 170 1828 315 1912; x_wconf 84' lang='lat' dir='ltr'><strong>aliasque</strong></span> <span class='ocrx_word' id='word_1_119' title='bbox 341 1827 469 1911; x_wconf 89' lang='lat' dir='ltr'><strong>penales</strong></span> <span class='ocrx_word' id='word_1_120' title='bbox 495 1827 667 1890; x_wconf 88' lang='lat' dir='ltr'><strong>sententias</strong></span> <span class='ocrx_word' id='word_1_121' title='bbox 695 1825 727 1887; x_wconf 91' lang='lat' dir='ltr'><strong>in</strong></span> <span class='ocrx_word' id='word_1_122' title='bbox 763 1825 863 1888; x_wconf 87' lang='lat' dir='ltr'><strong>dictos</strong></span> <span class='ocrx_word' id='word_1_123' title='bbox 889 1823 1024 1908; x_wconf 91' lang='lat' dir='ltr'><strong>prelatos</strong></span> <span class='ocrx_word' id='word_1_124' title='bbox 1052 1831 1083 1888; x_wconf 92' lang='lat' dir='ltr'><strong>et</strong></span> <span class='ocrx_word' id='word_1_125' title='bbox 1104 1825 1226 1890; x_wconf 90' lang='lat' dir='ltr'><strong>clarum</strong></span> <span class='ocrx_word' id='word_1_126' title='bbox 1251 1845 1289 1890; x_wconf 91' lang='lat' dir='ltr'><strong>ac</strong></span> <span class='ocrx_word' id='word_1_127' title='bbox 1313 1827 1345 1889; x_wconf 91' lang='lat' dir='ltr'><strong>in</strong></span> <span class='ocrx_word' id='word_1_128' title='bbox 1373 1845 1483 1892; x_wconf 90' lang='lat' dir='ltr'><strong>eorum</strong></span> 
     </span>
     <span class='ocr_line' id='line_1_16' title="bbox 169 1921 1481 2009; baseline 0.001 -20"><span class='ocrx_word' id='word_1_129' title='bbox 169 1925 314 2009; x_wconf 82' lang='lat' dir='ltr'><strong>singulos</strong></span> <span class='ocrx_word' id='word_1_130' title='bbox 347 1926 385 1989; x_wconf 89' lang='lat' dir='ltr'><strong>de</strong></span> <span class='ocrx_word' id='word_1_131' title='bbox 410 1925 492 1988; x_wconf 84' lang='lat' dir='ltr'><strong>facto</strong></span> <span class='ocrx_word' id='word_1_132' title='bbox 517 1923 610 1986; x_wconf 92' lang='lat' dir='ltr'><strong>modo</strong></span> <span class='ocrx_word' id='word_1_133' title='bbox 637 1922 734 1986; x_wconf 92' lang='lat' dir='ltr'><strong>simili</strong></span> <span class='ocrx_word' id='word_1_134' title='bbox 754 1921 993 2005; x_wconf 86' lang='lat' dir='ltr'><strong>promulgarant</strong></span> <span class='ocrx_word' id='word_1_135' title='bbox 1008 1927 1039 1986; x_wconf 91' lang='lat' dir='ltr'><strong>et</strong></span> <span class='ocrx_word' id='word_1_136' title='bbox 1059 1939 1113 1986; x_wconf 88' lang='lat' dir='ltr'><strong>eas</strong></span> <span class='ocrx_word' id='word_1_137' title='bbox 1135 1925 1316 1988; x_wconf 82' lang='lat' dir='ltr'><strong>executioni</strong></span> <span class='ocrx_word' id='word_1_138' title='bbox 1337 1925 1481 1990; x_wconf 89' lang='lat' dir='ltr'><strong>mandari</strong></span> 
     </span>
     <span class='ocr_line' id='line_1_17' title="bbox 168 2018 1482 2103; baseline 0.002 -17"><span class='ocrx_word' id='word_1_139' title='bbox 168 2023 310 2086; x_wconf 84' lang='lat' dir='ltr'><strong>fecerant</strong></span> <span class='ocrx_word' id='word_1_140' title='bbox 324 2027 433 2086; x_wconf 89' lang='lat' dir='ltr'><strong>contra</strong></span> <span class='ocrx_word' id='word_1_141' title='bbox 448 2039 503 2085; x_wconf 91' lang='lat' dir='ltr'><strong>ecs</strong></span> <span class='ocrx_word' id='word_1_142' title='bbox 522 2019 705 2102; x_wconf 88' lang='lat' dir='ltr'><strong>etamplius</strong></span> <span class='ocrx_word' id='word_1_143' title='bbox 726 2020 821 2082; x_wconf 90' lang='lat' dir='ltr'><strong>etiam</strong></span> <span class='ocrx_word' id='word_1_144' title='bbox 842 2018 1023 2082; x_wconf 87' lang='lat' dir='ltr'><strong>excedendo</strong></span> <span class='ocrx_word' id='word_1_145' title='bbox 1039 2019 1100 2083; x_wconf 89' lang='lat' dir='ltr'><strong>sub</strong></span> <span class='ocrx_word' id='word_1_146' title='bbox 1120 2022 1211 2103; x_wconf 89' lang='lat' dir='ltr'><strong>penis</strong></span> <span class='ocrx_word' id='word_1_147' title='bbox 1227 2021 1482 2088; x_wconf 78' lang='lat' dir='ltr'><strong>formidabilibus</strong></span> 
     </span>
     <span class='ocr_line' id='line_1_18' title="bbox 169 2117 1484 2204; baseline 0.001 -19"><span class='ocrx_word' id='word_1_148' title='bbox 169 2126 345 2185; x_wconf 84' lang='lat' dir='ltr'><strong>statuerant</strong></span> <span class='ocrx_word' id='word_1_149' title='bbox 364 2126 396 2184; x_wconf 90' lang='lat' dir='ltr'><strong>et</strong></span> <span class='ocrx_word' id='word_1_150' title='bbox 420 2119 621 2197; x_wconf 85' lang='lat' dir='ltr'><strong>mandarant,</strong></span> <span class='ocrx_word' id='word_1_151' title='bbox 643 2123 799 2200; x_wconf 89' lang='lat' dir='ltr'><strong>quantum</strong></span> <span class='ocrx_word' id='word_1_152' title='bbox 820 2119 855 2179; x_wconf 91' lang='lat' dir='ltr'><strong>in</strong></span> <span class='ocrx_word' id='word_1_153' title='bbox 875 2118 922 2180; x_wconf 89' lang='lat' dir='ltr'><strong>eis</strong></span> <span class='ocrx_word' id='word_1_154' title='bbox 942 2117 1058 2198; x_wconf 88' lang='lat' dir='ltr'><strong>fuerat,</strong></span> <span class='ocrx_word' id='word_1_155' title='bbox 1085 2117 1264 2182; x_wconf 89' lang='lat' dir='ltr'><strong>denuntiari</strong></span> <span class='ocrx_word' id='word_1_156' title='bbox 1283 2118 1407 2202; x_wconf 90' lang='lat' dir='ltr'><strong>publice</strong></span> <span class='ocrx_word' id='word_1_157' title='bbox 1428 2139 1484 2204; x_wconf 91' lang='lat' dir='ltr'><strong>per</strong></span> 
     </span>
     <span class='ocr_line' id='line_1_19' title="bbox 169 2214 1483 2302; baseline 0.001 -21"><span class='ocrx_word' id='word_1_158' title='bbox 169 2224 268 2281; x_wconf 88' lang='lat' dir='ltr'><strong>totam</strong></span> <span class='ocrx_word' id='word_1_159' title='bbox 286 2219 364 2281; x_wconf 72' lang='lat' dir='ltr'><strong>«lice</strong></span> <span class='ocrx_word' id='word_1_160' title='bbox 381 2215 574 2301; x_wconf 80' lang='lat' dir='ltr'><strong>prelibatum,</strong></span> <span class='ocrx_word' id='word_1_161' title='bbox 595 2234 636 2279; x_wconf 91' lang='lat' dir='ltr'><strong>ne</strong></span> <span class='ocrx_word' id='word_1_162' title='bbox 656 2214 763 2298; x_wconf 91' lang='lat' dir='ltr'><strong>alique</strong></span> <span class='ocrx_word' id='word_1_163' title='bbox 777 2214 879 2278; x_wconf 90' lang='lat' dir='ltr'><strong>littere</strong></span> <span class='ocrx_word' id='word_1_164' title='bbox 900 2215 1069 2298; x_wconf 89' lang='lat' dir='ltr'><strong>apostolica</strong></span> <span class='ocrx_word' id='word_1_165' title='bbox 1085 2218 1300 2299; x_wconf 88' lang='lat' dir='ltr'><strong>reciperentur</strong></span> <span class='ocrx_word' id='word_1_166' title='bbox 1319 2217 1483 2302; x_wconf 87' lang='lat' dir='ltr'><strong>abaliquo</strong></span> 
     </span>
     <span class='ocr_line' id='line_1_20' title="bbox 169 2311 1482 2399; baseline 0.002 -20"><span class='ocrx_word' id='word_1_167' title='bbox 169 2321 202 2379; x_wconf 91' lang='lat' dir='ltr'><strong>et</strong></span> <span class='ocrx_word' id='word_1_168' title='bbox 230 2333 273 2380; x_wconf 91' lang='lat' dir='ltr'><strong>ne</strong></span> <span class='ocrx_word' id='word_1_169' title='bbox 299 2334 356 2398; x_wconf 89' lang='lat' dir='ltr'><strong>per</strong></span> <span class='ocrx_word' id='word_1_170' title='bbox 377 2315 449 2378; x_wconf 89' lang='lat' dir='ltr'><strong>illas</strong></span> <span class='ocrx_word' id='word_1_171' title='bbox 479 2313 629 2377; x_wconf 88' lang='lat' dir='ltr'><strong>adactus</strong></span> <span class='ocrx_word' id='word_1_172' title='bbox 658 2312 881 2396; x_wconf 85' lang='lat' dir='ltr'><strong>procederetur</strong></span> <span class='ocrx_word' id='word_1_173' title='bbox 911 2311 1051 2394; x_wconf 89' lang='lat' dir='ltr'><strong>aliquos,</strong></span> <span class='ocrx_word' id='word_1_174' title='bbox 1074 2315 1137 2376; x_wconf 89' lang='lat' dir='ltr'><strong>nisi</strong></span> <span class='ocrx_word' id='word_1_175' title='bbox 1166 2315 1314 2397; x_wconf 89' lang='lat' dir='ltr'><strong>primitus</strong></span> <span class='ocrx_word' id='word_1_176' title='bbox 1344 2335 1399 2399; x_wconf 91' lang='lat' dir='ltr'><strong>per</strong></span> <span class='ocrx_word' id='word_1_177' title='bbox 1428 2336 1482 2381; x_wconf 91' lang='lat' dir='ltr'><strong>eos</strong></span> 
     </span>
     <span class='ocr_line' id='line_1_21' title="bbox 169 2408 1483 2496; baseline 0.001 -19"><span class='ocrx_word' id='word_1_178' title='bbox 169 2415 344 2478; x_wconf 85' lang='lat' dir='ltr'><strong>existerent</strong></span> <span class='ocrx_word' id='word_1_179' title='bbox 360 2411 539 2496; x_wconf 88' lang='lat' dir='ltr'><strong>approbate,</strong></span> <span class='ocrx_word' id='word_1_180' title='bbox 560 2417 591 2474; x_wconf 87' lang='lat' dir='ltr'><strong>et</strong></span> <span class='ocrx_word' id='word_1_181' title='bbox 609 2417 687 2474; x_wconf 91' lang='lat' dir='ltr'><strong>tunc</strong></span> <span class='ocrx_word' id='word_1_182' title='bbox 708 2429 764 2493; x_wconf 81' lang='lat' dir='ltr'><strong>per</strong></span> <span class='ocrx_word' id='word_1_183' title='bbox 783 2412 868 2494; x_wconf 88' lang='lat' dir='ltr'><strong>ipsas</strong></span> <span class='ocrx_word' id='word_1_184' title='bbox 890 2408 1008 2474; x_wconf 88' lang='lat' dir='ltr'><strong>litteras</strong></span> <span class='ocrx_word' id='word_1_185' title='bbox 1028 2411 1154 2494; x_wconf 88' lang='lat' dir='ltr'><strong>procedi</strong></span> <span class='ocrx_word' id='word_1_186' title='bbox 1174 2417 1280 2496; x_wconf 89' lang='lat' dir='ltr'><strong>posset</strong></span> <span class='ocrx_word' id='word_1_187' title='bbox 1297 2419 1328 2476; x_wconf 91' lang='lat' dir='ltr'><strong>et</strong></span> <span class='ocrx_word' id='word_1_188' title='bbox 1348 2413 1483 2494; x_wconf 86' lang='lat' dir='ltr'><strong>deberet,</strong></span> 
     </span>
     <span class='ocr_line' id='line_1_22' title="bbox 168 2507 1480 2595; baseline 0.002 -22"><span class='ocrx_word' id='word_1_189' title='bbox 168 2529 244 2574; x_wconf 90' lang='lat' dir='ltr'><strong>enm</strong></span> <span class='ocrx_word' id='word_1_190' title='bbox 281 2516 443 2595; x_wconf 88' lang='lat' dir='ltr'><strong>appareret</strong></span> <span class='ocrx_word' id='word_1_191' title='bbox 478 2511 513 2572; x_wconf 91' lang='lat' dir='ltr'><strong>in</strong></span> <span class='ocrx_word' id='word_1_192' title='bbox 552 2527 662 2572; x_wconf 90' lang='lat' dir='ltr'><strong>corum</strong></span> <span class='ocrx_word' id='word_1_193' title='bbox 710 2507 821 2571; x_wconf 81' lang='lat' dir='ltr'><strong>litteris</strong></span> <span class='ocrx_word' id='word_1_194' title='bbox 851 2507 1060 2584; x_wconf 89' lang='lat' dir='ltr'><strong>declaratum,</strong></span> <span class='ocrx_word' id='word_1_195' title='bbox 1101 2528 1227 2573; x_wconf 92' lang='lat' dir='ltr'><strong>omnem</strong></span> <span class='ocrx_word' id='word_1_196' title='bbox 1267 2510 1480 2576; x_wconf 88' lang='lat' dir='ltr'><strong>defensionem</strong></span> 
     </span>
     <span class='ocr_line' id='line_1_23' title="bbox 168 2605 1482 2692; baseline 0.002 -21"><span class='ocrx_word' id='word_1_197' title='bbox 168 2624 328 2692; x_wconf 87' lang='lat' dir='ltr'><strong>omneque</strong></span> <span class='ocrx_word' id='word_1_198' title='bbox 346 2610 426 2673; x_wconf 88' lang='lat' dir='ltr'><strong>iuris</strong></span> <span class='ocrx_word' id='word_1_199' title='bbox 444 2606 618 2672; x_wconf 90' lang='lat' dir='ltr'><strong>remedium</strong></span> <span class='ocrx_word' id='word_1_200' title='bbox 635 2605 765 2688; x_wconf 90' lang='lat' dir='ltr'><strong>prelatis</strong></span> <span class='ocrx_word' id='word_1_201' title='bbox 779 2610 810 2668; x_wconf 87' lang='lat' dir='ltr'><strong>et</strong></span> <span class='ocrx_word' id='word_1_202' title='bbox 828 2605 912 2670; x_wconf 88' lang='lat' dir='ltr'><strong>clero</strong></span> <span class='ocrx_word' id='word_1_203' title='bbox 923 2605 1080 2669; x_wconf 89' lang='lat' dir='ltr'><strong>iamdictis</strong></span> <span class='ocrx_word' id='word_1_204' title='bbox 1091 2608 1482 2692; x_wconf 88' lang='lat' dir='ltr'><strong>proptereaprceludendo,</strong></span> 
     </span>
     <span class='ocr_line' id='line_1_24' title="bbox 170 2702 1482 2790; baseline 0 -19"><span class='ocrx_word' id='word_1_205' title='bbox 170 2706 321 2790; x_wconf 86' lang='lat' dir='ltr'><strong>quodque</strong></span> <span class='ocrx_word' id='word_1_206' title='bbox 339 2706 545 2770; x_wconf 88' lang='lat' dir='ltr'><strong>Hermannus</strong></span> <span class='ocrx_word' id='word_1_207' title='bbox 565 2703 605 2766; x_wconf 90' lang='lat' dir='ltr'><strong>de</strong></span> <span class='ocrx_word' id='word_1_208' title='bbox 618 2702 741 2781; x_wconf 82' lang='lat' dir='ltr'><strong>Bibere,</strong></span> <span class='ocrx_word' id='word_1_209' title='bbox 756 2722 813 2786; x_wconf 92' lang='lat' dir='ltr'><strong>pro</strong></span> <span class='ocrx_word' id='word_1_210' title='bbox 830 2703 949 2767; x_wconf 89' lang='lat' dir='ltr'><strong>decano</strong></span> <span class='ocrx_word' id='word_1_211' title='bbox 971 2703 1101 2768; x_wconf 90' lang='lat' dir='ltr'><strong>ecclesie</strong></span> <span class='ocrx_word' id='word_1_212' title='bbox 1122 2724 1146 2769; x_wconf 93' lang='lat' dir='ltr'><strong>s.</strong></span> <span class='ocrx_word' id='word_1_213' title='bbox 1162 2703 1261 2769; x_wconf 87' lang='lat' dir='ltr'><strong>Mario</strong></span> <span class='ocrx_word' id='word_1_214' title='bbox 1281 2705 1482 2771; x_wconf 84' lang='lat' dir='ltr'><strong>Erfordensis</strong></span> 
     </span>
     <span class='ocr_line' id='line_1_25' title="bbox 170 2802 1480 2887; baseline 0.001 -19"><span class='ocrx_word' id='word_1_215' title='bbox 170 2803 313 2868; x_wconf 89' lang='lat' dir='ltr'><strong>eiusdem</strong></span> <span class='ocrx_word' id='word_1_216' title='bbox 335 2802 413 2868; x_wconf 84' lang='lat' dir='ltr'><strong>dioc.</strong></span> <span class='ocrx_word' id='word_1_217' title='bbox 446 2821 480 2867; x_wconf 90' lang='lat' dir='ltr'><strong>se</strong></span> <span class='ocrx_word' id='word_1_218' title='bbox 510 2819 624 2886; x_wconf 84' lang='lat' dir='ltr'><strong>gerens</strong></span> <span class='ocrx_word' id='word_1_219' title='bbox 654 2819 752 2884; x_wconf 89' lang='lat' dir='ltr'><strong>seque</strong></span> <span class='ocrx_word' id='word_1_220' title='bbox 782 2819 927 2864; x_wconf 86' lang='lat' dir='ltr'><strong>asserens</strong></span> <span class='ocrx_word' id='word_1_221' title='bbox 954 2803 987 2864; x_wconf 90' lang='lat' dir='ltr'><strong>in</strong></span> <span class='ocrx_word' id='word_1_222' title='bbox 1019 2802 1078 2866; x_wconf 90' lang='lat' dir='ltr'><strong>hac</strong></span> <span class='ocrx_word' id='word_1_223' title='bbox 1109 2808 1196 2887; x_wconf 89' lang='lat' dir='ltr'><strong>parte</strong></span> <span class='ocrx_word' id='word_1_224' title='bbox 1227 2806 1480 2870; x_wconf 86' lang='lat' dir='ltr'><strong>commissarium</strong></span> 
     </span>
     <span class='ocr_line' id='line_1_26' title="bbox 169 2897 1482 2985; baseline 0.003 -21"><span class='ocrx_word' id='word_1_225' title='bbox 169 2901 356 2985; x_wconf 84' lang='lat' dir='ltr'><strong>deputatum</strong></span> <span class='ocrx_word' id='word_1_226' title='bbox 393 2921 412 2964; x_wconf 88' lang='lat' dir='ltr'><strong>a</strong></span> <span class='ocrx_word' id='word_1_227' title='bbox 448 2901 568 2985; x_wconf 85' lang='lat' dir='ltr'><strong>prefato</strong></span> <span class='ocrx_word' id='word_1_228' title='bbox 601 2899 834 2982; x_wconf 87' lang='lat' dir='ltr'><strong>archiepiscopo</strong></span> <span class='ocrx_word' id='word_1_229' title='bbox 856 2897 1054 2982; x_wconf 80' lang='lat' dir='ltr'><strong>Treverensi,</strong></span> <span class='ocrx_word' id='word_1_230' title='bbox 1081 2907 1117 2965; x_wconf 91' lang='lat' dir='ltr'><strong>ut</strong></span> <span class='ocrx_word' id='word_1_231' title='bbox 1144 2901 1183 2965; x_wconf 89' lang='lat' dir='ltr'><strong>ab</strong></span> <span class='ocrx_word' id='word_1_232' title='bbox 1212 2902 1482 2968; x_wconf 88' lang='lat' dir='ltr'><strong>administratione</strong></span> 
     </span>
     <span class='ocr_line' id='line_1_27' title="bbox 167 2997 1480 3083; baseline 0.005 -22"><span class='ocrx_word' id='word_1_233' title='bbox 167 3000 271 3083; x_wconf 90' lang='lat' dir='ltr'><strong>ipsius</strong></span> <span class='ocrx_word' id='word_1_234' title='bbox 301 2999 432 3063; x_wconf 89' lang='lat' dir='ltr'><strong>ecclesie</strong></span> <span class='ocrx_word' id='word_1_235' title='bbox 454 2997 648 3083; x_wconf 76' lang='lat' dir='ltr'><strong>&#39;Magantiue</strong></span> <span class='ocrx_word' id='word_1_236' title='bbox 684 2998 718 3060; x_wconf 94' lang='lat' dir='ltr'><strong>iu</strong></span> <span class='ocrx_word' id='word_1_237' title='bbox 747 2997 966 3080; x_wconf 89' lang='lat' dir='ltr'><strong>spiritualibus</strong></span> <span class='ocrx_word' id='word_1_238' title='bbox 996 3005 1029 3063; x_wconf 90' lang='lat' dir='ltr'><strong>et</strong></span> <span class='ocrx_word' id='word_1_239' title='bbox 1059 2999 1284 3083; x_wconf 88' lang='lat' dir='ltr'><strong>temporalibus</strong></span> <span class='ocrx_word' id='word_1_240' title='bbox 1315 3001 1480 3067; x_wconf 86' lang='lat' dir='ltr'><strong>antedictis</strong></span> 
     </span>
     <span class='ocr_line' id='line_1_28' title="bbox 168 3096 1479 3182; baseline 0.003 -22"><span class='ocrx_word' id='word_1_241' title='bbox 168 3096 342 3161; x_wconf 91' lang='lat' dir='ltr'><strong>nonnullos</strong></span> <span class='ocrx_word' id='word_1_242' title='bbox 369 3098 409 3161; x_wconf 90' lang='lat' dir='ltr'><strong>de</strong></span> <span class='ocrx_word' id='word_1_243' title='bbox 434 3097 560 3182; x_wconf 89' lang='lat' dir='ltr'><strong>prelatis</strong></span> <span class='ocrx_word' id='word_1_244' title='bbox 592 3107 625 3163; x_wconf 89' lang='lat' dir='ltr'><strong>et</strong></span> <span class='ocrx_word' id='word_1_245' title='bbox 649 3098 732 3163; x_wconf 89' lang='lat' dir='ltr'><strong>clero</strong></span> <span class='ocrx_word' id='word_1_246' title='bbox 757 3099 886 3182; x_wconf 89' lang='lat' dir='ltr'><strong>prefatis</strong></span> <span class='ocrx_word' id='word_1_247' title='bbox 911 3097 1072 3162; x_wconf 83' lang='lat' dir='ltr'><strong>beneficiis</strong></span> <span class='ocrx_word' id='word_1_248' title='bbox 1092 3097 1310 3162; x_wconf 84' lang='lat' dir='ltr'><strong>ecclesiasticis</strong></span> <span class='ocrx_word' id='word_1_249' title='bbox 1336 3098 1375 3164; x_wconf 91' lang='lat' dir='ltr'><strong>de</strong></span> <span class='ocrx_word' id='word_1_250' title='bbox 1398 3099 1479 3164; x_wconf 86' lang='lat' dir='ltr'><strong>facto</strong></span> 
     </span>
     <span class='ocr_line' id='line_1_29' title="bbox 169 3195 1479 3279; baseline 0.002 -22"><span class='ocrx_word' id='word_1_251' title='bbox 169 3196 308 3279; x_wconf 86' lang='lat' dir='ltr'><strong>privarit</strong></span> <span class='ocrx_word' id='word_1_252' title='bbox 327 3195 471 3278; x_wconf 87' lang='lat' dir='ltr'><strong>aliasque</strong></span> <span class='ocrx_word' id='word_1_253' title='bbox 491 3213 642 3278; x_wconf 88' lang='lat' dir='ltr'><strong>personas</strong></span> <span class='ocrx_word' id='word_1_254' title='bbox 672 3197 754 3261; x_wconf 88' lang='lat' dir='ltr'><strong>dicte</strong></span> <span class='ocrx_word' id='word_1_255' title='bbox 777 3196 917 3260; x_wconf 87' lang='lat' dir='ltr'><strong>Haurico</strong></span> <span class='ocrx_word' id='word_1_256' title='bbox 944 3195 1160 3260; x_wconf 88' lang='lat' dir='ltr'><strong>inobedientes</strong></span> <span class='ocrx_word' id='word_1_257' title='bbox 1186 3202 1218 3258; x_wconf 90' lang='lat' dir='ltr'><strong>et</strong></span> <span class='ocrx_word' id='word_1_258' title='bbox 1236 3195 1369 3261; x_wconf 86' lang='lat' dir='ltr'><strong>rebelles</strong></span> <span class='ocrx_word' id='word_1_259' title='bbox 1388 3201 1420 3261; x_wconf 90' lang='lat' dir='ltr'><strong>et</strong></span> <span class='ocrx_word' id='word_1_260' title='bbox 1439 3196 1479 3260; x_wconf 93' lang='lat' dir='ltr'><strong>ob</strong></span> 
     </span>
     <span class='ocr_line' id='line_1_30' title="bbox 166 3293 1480 3379; baseline 0.004 -24"><span class='ocrx_word' id='word_1_261' title='bbox 166 3295 228 3356; x_wconf 89' lang='lat' dir='ltr'><strong>hoc</strong></span> <span class='ocrx_word' id='word_1_262' title='bbox 247 3299 313 3356; x_wconf 88' lang='lat' dir='ltr'><strong>tam</strong></span> <span class='ocrx_word' id='word_1_263' title='bbox 333 3293 409 3356; x_wconf 90' lang='lat' dir='ltr'><strong>dicti</strong></span> <span class='ocrx_word' id='word_1_264' title='bbox 429 3294 658 3376; x_wconf 86' lang='lat' dir='ltr'><strong>predecessoris</strong></span> <span class='ocrx_word' id='word_1_265' title='bbox 679 3297 778 3358; x_wconf 89' lang='lat' dir='ltr'><strong>nostri</strong></span> <span class='ocrx_word' id='word_1_266' title='bbox 799 3301 830 3358; x_wconf 91' lang='lat' dir='ltr'><strong>et</strong></span> <span class='ocrx_word' id='word_1_267' title='bbox 851 3296 952 3379; x_wconf 91' lang='lat' dir='ltr'><strong>ipsius</strong></span> <span class='ocrx_word' id='word_1_268' title='bbox 969 3293 1101 3358; x_wconf 87' lang='lat' dir='ltr'><strong>Hemici</strong></span> <span class='ocrx_word' id='word_1_269' title='bbox 1122 3293 1279 3357; x_wconf 88' lang='lat' dir='ltr'><strong>ordinaria</strong></span> <span class='ocrx_word' id='word_1_270' title='bbox 1295 3296 1480 3360; x_wconf 86' lang='lat' dir='ltr'><strong>auctoritate</strong></span> 
     </span>
     <span class='ocr_line' id='line_1_31' title="bbox 164 3390 1480 3474; baseline 0.002 -20"><span class='ocrx_word' id='word_1_271' title='bbox 164 3391 504 3472; x_wconf 68' lang='lat' dir='ltr'><strong>excommunicationis</strong></span> <span class='ocrx_word' id='word_1_272' title='bbox 546 3397 577 3455; x_wconf 90' lang='lat' dir='ltr'><strong>et</strong></span> <span class='ocrx_word' id='word_1_273' title='bbox 615 3393 686 3455; x_wconf 92' lang='lat' dir='ltr'><strong>aliis</strong></span> <span class='ocrx_word' id='word_1_274' title='bbox 724 3393 859 3455; x_wconf 87' lang='lat' dir='ltr'><strong>diversis</strong></span> <span class='ocrx_word' id='word_1_275' title='bbox 896 3393 1060 3456; x_wconf 89' lang='lat' dir='ltr'><strong>sententiis</strong></span> <span class='ocrx_word' id='word_1_276' title='bbox 1096 3390 1222 3474; x_wconf 90' lang='lat' dir='ltr'><strong>publice</strong></span> <span class='ocrx_word' id='word_1_277' title='bbox 1251 3391 1419 3456; x_wconf 85' lang='lat' dir='ltr'><strong>innodatas</strong></span> <span class='ocrx_word' id='word_1_278' title='bbox 1449 3398 1480 3458; x_wconf 90' lang='lat' dir='ltr'><strong>et</strong></span> 
     </span>
     <span class='ocr_line' id='line_1_32' title="bbox 165 3488 1478 3572; baseline 0.002 -21"><span class='ocrx_word' id='word_1_279' title='bbox 165 3488 414 3572; x_wconf 79' lang='lat' dir='ltr'><strong>condempnatus</strong></span> <span class='ocrx_word' id='word_1_280' title='bbox 433 3489 587 3572; x_wconf 78' lang='lat' dir='ltr'><strong>penaliter</strong></span> <span class='ocrx_word' id='word_1_281' title='bbox 606 3491 736 3553; x_wconf 90' lang='lat' dir='ltr'><strong>intrusit</strong></span> <span class='ocrx_word' id='word_1_282' title='bbox 756 3491 791 3552; x_wconf 89' lang='lat' dir='ltr'><strong>in</strong></span> <span class='ocrx_word' id='word_1_283' title='bbox 815 3488 977 3553; x_wconf 87' lang='lat' dir='ltr'><strong>beneficiis</strong></span> <span class='ocrx_word' id='word_1_284' title='bbox 997 3489 1188 3568; x_wconf 89' lang='lat' dir='ltr'><strong>memoratis,</strong></span> <span class='ocrx_word' id='word_1_285' title='bbox 1209 3507 1250 3552; x_wconf 85' lang='lat' dir='ltr'><strong>ex</strong></span> <span class='ocrx_word' id='word_1_286' title='bbox 1275 3508 1312 3553; x_wconf 91' lang='lat' dir='ltr'><strong>eo</strong></span> <span class='ocrx_word' id='word_1_287' title='bbox 1329 3491 1478 3570; x_wconf 76' lang='lat' dir='ltr'><strong>maxime,</strong></span> 
     </span>
     <span class='ocr_line' id='line_1_33' title="bbox 164 3585 1479 3670; baseline 0.002 -21"><span class='ocrx_word' id='word_1_288' title='bbox 164 3586 252 3669; x_wconf 88' lang='lat' dir='ltr'><strong>quod</strong></span> <span class='ocrx_word' id='word_1_289' title='bbox 285 3586 404 3668; x_wconf 87' lang='lat' dir='ltr'><strong>prelati</strong></span> <span class='ocrx_word' id='word_1_290' title='bbox 430 3593 462 3651; x_wconf 88' lang='lat' dir='ltr'><strong>ct</strong></span> <span class='ocrx_word' id='word_1_291' title='bbox 491 3587 596 3650; x_wconf 89' lang='lat' dir='ltr'><strong>clerus</strong></span> <span class='ocrx_word' id='word_1_292' title='bbox 625 3587 796 3670; x_wconf 87' lang='lat' dir='ltr'><strong>supradicti</strong></span> <span class='ocrx_word' id='word_1_293' title='bbox 822 3585 962 3651; x_wconf 88' lang='lat' dir='ltr'><strong>Henrico</strong></span> <span class='ocrx_word' id='word_1_294' title='bbox 993 3585 1140 3650; x_wconf 90' lang='lat' dir='ltr'><strong>iamdicto</strong></span> <span class='ocrx_word' id='word_1_295' title='bbox 1174 3591 1212 3650; x_wconf 89' lang='lat' dir='ltr'><strong>ut</strong></span> <span class='ocrx_word' id='word_1_296' title='bbox 1239 3606 1348 3652; x_wconf 91' lang='lat' dir='ltr'><strong>eorum</strong></span> <span class='ocrx_word' id='word_1_297' title='bbox 1378 3588 1479 3652; x_wconf 85' lang='lat' dir='ltr'><strong>archi-</strong></span> 
     </span>
     <span class='ocr_line' id='line_1_34' title="bbox 162 3684 1479 3769; baseline 0.002 -21"><span class='ocrx_word' id='word_1_298' title='bbox 162 3685 310 3768; x_wconf 87' lang='lat' dir='ltr'><strong>episcopo</strong></span> <span class='ocrx_word' id='word_1_299' title='bbox 341 3693 374 3748; x_wconf 92' lang='lat' dir='ltr'><strong>et</strong></span> <span class='ocrx_word' id='word_1_300' title='bbox 396 3685 512 3769; x_wconf 85' lang='lat' dir='ltr'><strong>pastori</strong></span> <span class='ocrx_word' id='word_1_301' title='bbox 552 3685 740 3757; x_wconf 86' lang='lat' dir='ltr'><strong>obediebant</strong></span> <span class='ocrx_word' id='word_1_302' title='bbox 763 3691 795 3749; x_wconf 88' lang='lat' dir='ltr'><strong>et</strong></span> <span class='ocrx_word' id='word_1_303' title='bbox 823 3684 926 3749; x_wconf 87' lang='lat' dir='ltr'><strong>eidem</strong></span> <span class='ocrx_word' id='word_1_304' title='bbox 955 3685 1187 3769; x_wconf 79' lang='lat' dir='ltr'><strong>archiepiscopo</strong></span> <span class='ocrx_word' id='word_1_305' title='bbox 1214 3684 1413 3762; x_wconf 83' lang='lat' dir='ltr'><strong>Treverensi,</strong></span> <span class='ocrx_word' id='word_1_306' title='bbox 1444 3705 1479 3750; x_wconf 91' lang='lat' dir='ltr'><strong>se</strong></span> 
     </span>
     <span class='ocr_line' id='line_1_35' title="bbox 164 3782 1477 3867; baseline 0.003 -23"><span class='ocrx_word' id='word_1_307' title='bbox 164 3783 323 3865; x_wconf 83' lang='lat' dir='ltr'><strong>ingerenti</strong></span> <span class='ocrx_word' id='word_1_308' title='bbox 345 3782 384 3846; x_wconf 92' lang='lat' dir='ltr'><strong>de</strong></span> <span class='ocrx_word' id='word_1_309' title='bbox 402 3783 484 3846; x_wconf 86' lang='lat' dir='ltr'><strong>lacto</strong></span> <span class='ocrx_word' id='word_1_310' title='bbox 503 3784 767 3848; x_wconf 88' lang='lat' dir='ltr'><strong>administrationi</strong></span> <span class='ocrx_word' id='word_1_311' title='bbox 789 3783 942 3867; x_wconf 84' lang='lat' dir='ltr'><strong>predicte,</strong></span> <span class='ocrx_word' id='word_1_312' title='bbox 970 3782 1159 3846; x_wconf 89' lang='lat' dir='ltr'><strong>recusabant</strong></span> <span class='ocrx_word' id='word_1_313' title='bbox 1179 3783 1305 3847; x_wconf 89' lang='lat' dir='ltr'><strong>obedire</strong></span> <span class='ocrx_word' id='word_1_314' title='bbox 1326 3803 1363 3846; x_wconf 91' lang='lat' dir='ltr'><strong>ac</strong></span> <span class='ocrx_word' id='word_1_315' title='bbox 1381 3783 1477 3848; x_wconf 90' lang='lat' dir='ltr'><strong>etiam</strong></span> 
     </span>
     <span class='ocr_line' id='line_1_36' title="bbox 164 3879 1474 3966; baseline 0.003 -24"><span class='ocrx_word' id='word_1_316' title='bbox 164 3879 329 3958; x_wconf 88' lang='lat' dir='ltr'><strong>adherere,</strong></span> <span class='ocrx_word' id='word_1_317' title='bbox 357 3899 393 3943; x_wconf 88' lang='lat' dir='ltr'><strong>ac</strong></span> <span class='ocrx_word' id='word_1_318' title='bbox 421 3901 478 3963; x_wconf 91' lang='lat' dir='ltr'><strong>pro</strong></span> <span class='ocrx_word' id='word_1_319' title='bbox 498 3888 586 3966; x_wconf 89' lang='lat' dir='ltr'><strong>parte</strong></span> <span class='ocrx_word' id='word_1_320' title='bbox 614 3882 770 3946; x_wconf 86' lang='lat' dir='ltr'><strong>dictorum</strong></span> <span class='ocrx_word' id='word_1_321' title='bbox 797 3882 987 3964; x_wconf 89' lang='lat' dir='ltr'><strong>prelatorum</strong></span> <span class='ocrx_word' id='word_1_322' title='bbox 1008 3888 1039 3945; x_wconf 90' lang='lat' dir='ltr'><strong>et</strong></span> <span class='ocrx_word' id='word_1_323' title='bbox 1059 3881 1134 3944; x_wconf 89' lang='lat' dir='ltr'><strong>cleri</strong></span> <span class='ocrx_word' id='word_1_324' title='bbox 1155 3880 1370 3944; x_wconf 91' lang='lat' dir='ltr'><strong>obedientium</strong></span> <span class='ocrx_word' id='word_1_325' title='bbox 1392 3881 1474 3946; x_wconf 87' lang='lat' dir='ltr'><strong>dicto</strong></span> 
     </span>
     <span class='ocr_line' id='line_1_37' title="bbox 163 3977 1478 4063; baseline 0 -21"><span class='ocrx_word' id='word_1_326' title='bbox 163 3977 377 4061; x_wconf 85' lang='lat' dir='ltr'><strong>predecessori</strong></span> <span class='ocrx_word' id='word_1_327' title='bbox 406 3985 514 4042; x_wconf 90' lang='lat' dir='ltr'><strong>nostro</strong></span> <span class='ocrx_word' id='word_1_328' title='bbox 539 3980 701 4042; x_wconf 91' lang='lat' dir='ltr'><strong>humiliter</strong></span> <span class='ocrx_word' id='word_1_329' title='bbox 722 3980 906 4063; x_wconf 88' lang='lat' dir='ltr'><strong>supplicato,</strong></span> <span class='ocrx_word' id='word_1_330' title='bbox 928 3984 966 4043; x_wconf 90' lang='lat' dir='ltr'><strong>nt</strong></span> <span class='ocrx_word' id='word_1_331' title='bbox 986 3978 1139 4042; x_wconf 84' lang='lat' dir='ltr'><strong>adversus</strong></span> <span class='ocrx_word' id='word_1_332' title='bbox 1160 3979 1340 4051; x_wconf 88' lang='lat' dir='ltr'><strong>sententias,</strong></span> <span class='ocrx_word' id='word_1_333' title='bbox 1361 3985 1478 4043; x_wconf 87' lang='lat' dir='ltr'><strong>statuta</strong></span> 
     </span>
     <span class='ocr_line' id='line_1_38' title="bbox 162 4073 1477 4160; baseline 0 -22"><span class='ocrx_word' id='word_1_334' title='bbox 162 4083 196 4139; x_wconf 88' lang='lat' dir='ltr'><strong>et</strong></span> <span class='ocrx_word' id='word_1_335' title='bbox 223 4077 374 4139; x_wconf 86' lang='lat' dir='ltr'><strong>mandata</strong></span> <span class='ocrx_word' id='word_1_336' title='bbox 404 4078 627 4140; x_wconf 87' lang='lat' dir='ltr'><strong>canonicorum</strong></span> <span class='ocrx_word' id='word_1_337' title='bbox 657 4096 780 4141; x_wconf 90' lang='lat' dir='ltr'><strong>necnon</strong></span> <span class='ocrx_word' id='word_1_338' title='bbox 808 4078 1003 4160; x_wconf 84' lang='lat' dir='ltr'><strong>privationes</strong></span> <span class='ocrx_word' id='word_1_339' title='bbox 1033 4081 1064 4139; x_wconf 93' lang='lat' dir='ltr'><strong>et</strong></span> <span class='ocrx_word' id='word_1_340' title='bbox 1090 4076 1272 4140; x_wconf 89' lang='lat' dir='ltr'><strong>collationes</strong></span> <span class='ocrx_word' id='word_1_341' title='bbox 1299 4073 1477 4139; x_wconf 90' lang='lat' dir='ltr'><strong>Hermanni</strong></span> 
     </span>
     <span class='ocr_line' id='line_1_39' title="bbox 161 4173 1477 4259; baseline -0.002 -21"><span class='ocrx_word' id='word_1_342' title='bbox 161 4173 375 4258; x_wconf 84' lang='lat' dir='ltr'><strong>predictorum</strong></span> <span class='ocrx_word' id='word_1_343' title='bbox 397 4193 454 4258; x_wconf 89' lang='lat' dir='ltr'><strong>per</strong></span> <span class='ocrx_word' id='word_1_344' title='bbox 472 4193 527 4238; x_wconf 90' lang='lat' dir='ltr'><strong>ees</strong></span> <span class='ocrx_word' id='word_1_345' title='bbox 548 4182 732 4258; x_wconf 86' lang='lat' dir='ltr'><strong>presumpta</strong></span> <span class='ocrx_word' id='word_1_346' title='bbox 757 4180 788 4238; x_wconf 90' lang='lat' dir='ltr'><strong>at</strong></span> <span class='ocrx_word' id='word_1_347' title='bbox 817 4193 984 4259; x_wconf 82' lang='lat' dir='ltr'><strong>processus</strong></span> <span class='ocrx_word' id='word_1_348' title='bbox 1011 4175 1247 4253; x_wconf 89' lang='lat' dir='ltr'><strong>sententiarum,</strong></span> <span class='ocrx_word' id='word_1_349' title='bbox 1275 4179 1477 4254; x_wconf 78' lang='lat' dir='ltr'><strong>statutorum,</strong></span> 
     </span>
     <span class='ocr_line' id='line_1_40' title="bbox 162 4271 1477 4356; baseline 0 -22"><span class='ocrx_word' id='word_1_350' title='bbox 162 4271 400 4353; x_wconf 86' lang='lat' dir='ltr'><strong>mandatorum,</strong></span> <span class='ocrx_word' id='word_1_351' title='bbox 429 4273 645 4355; x_wconf 87' lang='lat' dir='ltr'><strong>privationum</strong></span> <span class='ocrx_word' id='word_1_352' title='bbox 679 4279 710 4337; x_wconf 90' lang='lat' dir='ltr'><strong>et</strong></span> <span class='ocrx_word' id='word_1_353' title='bbox 737 4272 943 4336; x_wconf 88' lang='lat' dir='ltr'><strong>collationum</strong></span> <span class='ocrx_word' id='word_1_354' title='bbox 979 4290 1035 4356; x_wconf 89' lang='lat' dir='ltr'><strong>per</strong></span> <span class='ocrx_word' id='word_1_355' title='bbox 1069 4290 1124 4335; x_wconf 90' lang='lat' dir='ltr'><strong>eos</strong></span> <span class='ocrx_word' id='word_1_356' title='bbox 1162 4271 1260 4335; x_wconf 85' lang='lat' dir='ltr'><strong>factos</strong></span> <span class='ocrx_word' id='word_1_357' title='bbox 1291 4278 1323 4336; x_wconf 89' lang='lat' dir='ltr'><strong>et</strong></span> <span class='ocrx_word' id='word_1_358' title='bbox 1350 4277 1477 4335; x_wconf 91' lang='lat' dir='ltr'><strong>secutos</strong></span> 
     </span>
     <span class='ocr_line' id='line_1_41' title="bbox 164 4370 1478 4453; baseline -0.001 -20"><span class='ocrx_word' id='word_1_359' title='bbox 164 4387 278 4433; x_wconf 90' lang='lat' dir='ltr'><strong>eorum</strong></span> <span class='ocrx_word' id='word_1_360' title='bbox 300 4371 464 4433; x_wconf 73' lang='lat' dir='ltr'><strong>accadens</strong></span> <span class='ocrx_word' id='word_1_361' title='bbox 478 4370 644 4452; x_wconf 88' lang='lat' dir='ltr'><strong>providere</strong></span> <span class='ocrx_word' id='word_1_362' title='bbox 659 4371 698 4434; x_wconf 90' lang='lat' dir='ltr'><strong>de</strong></span> <span class='ocrx_word' id='word_1_363' title='bbox 718 4370 867 4435; x_wconf 88' lang='lat' dir='ltr'><strong>remediis</strong></span> <span class='ocrx_word' id='word_1_364' title='bbox 887 4371 1052 4453; x_wconf 88' lang='lat' dir='ltr'><strong>oportunis</strong></span> <span class='ocrx_word' id='word_1_365' title='bbox 1067 4370 1107 4433; x_wconf 91' lang='lat' dir='ltr'><strong>de</strong></span> <span class='ocrx_word' id='word_1_366' title='bbox 1123 4370 1291 4453; x_wconf 89' lang='lat' dir='ltr'><strong>apostohca</strong></span> <span class='ocrx_word' id='word_1_367' title='bbox 1310 4370 1478 4434; x_wconf 85' lang='lat' dir='ltr'><strong>elementia</strong></span> 
     </span>
     <span class='ocr_line' id='line_1_42' title="bbox 161 4467 1475 4552; baseline -0.003 -18"><span class='ocrx_word' id='word_1_368' title='bbox 161 4467 361 4550; x_wconf 79' lang='lat' dir='ltr'><strong>dignaretur,</strong></span> <span class='ocrx_word' id='word_1_369' title='bbox 380 4467 464 4532; x_wconf 92' lang='lat' dir='ltr'><strong>idem</strong></span> <span class='ocrx_word' id='word_1_370' title='bbox 489 4467 692 4550; x_wconf 82' lang='lat' dir='ltr'><strong>pledecessor</strong></span> <span class='ocrx_word' id='word_1_371' title='bbox 711 4467 886 4532; x_wconf 84' lang='lat' dir='ltr'><strong>venerabili</strong></span> <span class='ocrx_word' id='word_1_372' title='bbox 903 4468 992 4531; x_wconf 87' lang='lat' dir='ltr'><strong>fratri</strong></span> <span class='ocrx_word' id='word_1_373' title='bbox 1019 4473 1165 4532; x_wconf 87' lang='lat' dir='ltr'><strong>nostre..</strong></span> <span class='ocrx_word' id='word_1_374' title='bbox 1188 4469 1332 4552; x_wconf 89' lang='lat' dir='ltr'><strong>episcopo</strong></span> <span class='ocrx_word' id='word_1_375' title='bbox 1354 4467 1380 4531; x_wconf 88' lang='lat' dir='ltr'>N</span> <span class='ocrx_word' id='word_1_376' title='bbox 1386 4487 1475 4532; x_wconf 90' lang='lat' dir='ltr'><strong>uem-</strong></span> 
     </span>
     <span class='ocr_line' id='line_1_43' title="bbox 166 4563 1475 4649; baseline 0.002 -22"><span class='ocrx_word' id='word_1_377' title='bbox 166 4563 322 4649; x_wconf 81' lang='lat' dir='ltr'><strong>burgensi</strong></span> <span class='ocrx_word' id='word_1_378' title='bbox 352 4571 385 4628; x_wconf 90' lang='lat' dir='ltr'><strong>et</strong></span> <span class='ocrx_word' id='word_1_379' title='bbox 405 4565 529 4629; x_wconf 87' lang='lat' dir='ltr'><strong>dilectis</strong></span> <span class='ocrx_word' id='word_1_380' title='bbox 546 4564 661 4629; x_wconf 90' lang='lat' dir='ltr'><strong>filiis..</strong></span> <span class='ocrx_word' id='word_1_381' title='bbox 694 4566 814 4630; x_wconf 88' lang='lat' dir='ltr'><strong>decano</strong></span> <span class='ocrx_word' id='word_1_382' title='bbox 842 4565 1018 4645; x_wconf 80' lang='lat' dir='ltr'><strong>Bonnensi,</strong></span> <span class='ocrx_word' id='word_1_383' title='bbox 1039 4564 1236 4630; x_wconf 79' lang='lat' dir='ltr'><strong>Coloniensis</strong></span> <span class='ocrx_word' id='word_1_384' title='bbox 1261 4567 1405 4647; x_wconf 87' lang='lat' dir='ltr'><strong>diocesis,</strong></span> <span class='ocrx_word' id='word_1_385' title='bbox 1443 4571 1475 4630; x_wconf 90' lang='lat' dir='ltr'><strong>at</strong></span> 
     </span>
     <span class='ocr_line' id='line_1_44' title="bbox 186 4669 1318 4721; baseline 0.001 -7"><span class='ocrx_word' id='word_1_386' title='bbox 186 4669 335 4721; x_wconf 60' lang='lat' dir='ltr'><strong>muas.</strong></span> <span class='ocrx_word' id='word_1_387' title='bbox 345 4673 367 4714; x_wconf 85' lang='lat' dir='ltr'><strong>a</strong></span> <span class='ocrx_word' id='word_1_388' title='bbox 377 4672 413 4713; x_wconf 73' lang='lat' dir='ltr'><strong>aa</strong></span> <span class='ocrx_word' id='word_1_389' title='bbox 423 4672 446 4714; x_wconf 88' lang='lat' dir='ltr'><strong>s.</strong></span> <span class='ocrx_word' id='word_1_390' title='bbox 461 4673 538 4714; x_wconf 69' lang='lat' dir='ltr'><strong>ausa</strong></span> <span class='ocrx_word' id='word_1_391' title='bbox 548 4675 568 4715; x_wconf 80' lang='lat' dir='ltr'><strong>a.</strong></span> <span class='ocrx_word' id='word_1_392' title='bbox 585 4672 661 4715; x_wconf 83' lang='lat' dir='ltr'><strong>mv.</strong></span> <span class='ocrx_word' id='word_1_393' title='bbox 1303 4669 1318 4715; x_wconf 81' lang='lat' dir='ltr'><strong>c</strong></span> 
     </span>
    </p>
   </div>
   <div class='ocr_carea' id='block_1_3' title="bbox 0 0 1768 5209">
    <p class='ocr_par' dir='ltr' id='par_1_3' title="bbox 0 0 1768 5209">
     <span class='ocr_line' id='line_1_45' title="bbox 0 0 1768 5209; baseline 0 3"><span class='ocrx_word' id='word_1_394' title='bbox 0 0 1768 5209; x_wconf 95' lang='lat' dir='ltr'><strong> </strong></span> 
     </span>
    </p>
   </div>
  </div>
 </body>
</html>
