3525 5209
286 435 338 490 822
646 423 921 494 Geeeniehnqueben
939 421 988 478 der
1006 422 1086 479 Prov.
1100 393 1230 478 Sechsen.

286 584 396 668 1251.
425 577 678 682 September
702 578 741 659 8.
1551 571 1590 654 3,

386 716 458 782 Das
483 715 609 782 Klostcr
634 713 925 778 Reinbordsbrunn
950 710 1100 791 oebuuft
1127 711 1196 774 dem
1224 709 1375 777 Maiorer
1403 709 1594 774 Kdmmerer

392 815 527 894 Intdwip
556 831 614 877 oon
644 811 831 892 Meldinpen
857 809 966 874 semen
993 807 1067 890 Hof
1089 809 1136 874 bei
1164 810 1219 875 der
1240 809 1534 876 Lebmannsbrilcbe
1554 809 1592 872 tn

386 915 513 997 Erfurt.

444 1031 531 1102 Wyoe,
564 1027 678 1084 UBder
694 1025 993 1084 Dmmbordemtabei
1011 1027 1115 1082 Hersen
1132 1027 1158 1082 I.
1177 1025 1230 1082 Nr.
1241 1030 1300 1084 108.
1338 1025 1429 1095 (Here,
1445 1025 1592 1086 curor.

483 1118 532 1173 der
542 1116 649 1172 meos.
659 1115 698 1171 St.
710 1115 745 1174 A.
760 1113 814 1174 Bd.
824 1115 898 1183 III.)

364 1227 554 1292 Ludewicus
564 1223 623 1287 Dei
643 1223 745 1306 gretia
765 1221 863 1286 abbas
879 1228 1028 1305 totusque
1039 1226 1216 1286 conventus
1226 1222 1410 1284 monasterii
1422 1219 1592 1285 Reiuhers-

285 1328 465 1396 burneusis.
512 1321 728 1386 Vendidimus
755 1319 885 1383 domino
913 1317 1080 1384 Ludewico
1116 1319 1155 1384 de
1189 1317 1384 1402 Meldingen,
1418 1319 1590 1382 camerario

286 1427 487 1512 maguntino,
508 1427 540 1485 et
559 1421 654 1484 uxori
674 1420 744 1482 eius
764 1415 941 1500 Margarete
962 1419 1083 1482 curiam
1105 1423 1246 1482 nostram
1268 1418 1302 1480 in
1323 1417 1476 1498 Erfordie,
1497 1417 1590 1480 sitem

285 1527 370 1612 opud
398 1518 670 1597 Libinsbruldren,
697 1535 753 1600 pro
784 1517 898 1595 viginti
924 1517 1040 1580 mercis
1069 1519 1191 1600 argenti
1218 1519 1288 1582 iure
1316 1519 1516 1594 hereditario,
1545 1519 1592 1582 sic

286 1625 371 1712 quod
402 1621 524 1686 solvent
553 1615 646 1680 nobis
674 1616 841 1678 annuatim
871 1614 906 1678 in
936 1614 1015 1678 festo
1048 1634 1071 1678 s
1086 1615 1271 1680 Michehelis
1301 1637 1405 1681 unum
1434 1617 1590 1681 fertonem

284 1723 414 1808 argenti,
436 1736 531 1802 quem
558 1715 743 1798 pensionem
764 1713 804 1776 ed
824 1712 981 1776 indicium
1002 1713 1202 1796 proprietatis
1223 1719 1331 1778 nostre
1352 1714 1445 1778 nobis
1466 1717 1500 1778 in
1521 1717 1591 1798 ipsa

285 1823 374 1888 curia
395 1817 548 1881 duximus
559 1811 792 1878 reservandum.
823 1809 914 1884 Quod
927 1811 954 1874 si
969 1811 1002 1874 in
1018 1812 1128 1876 eodem
1139 1815 1275 1876 termino
1285 1813 1334 1877 vel
1343 1813 1427 1876 infre
1441 1820 1591 1897 quotuor-

285 1921 385 1984 decim
410 1916 477 1979 dies
502 1917 671 1995 sequentes
696 1929 762 1972 nou
783 1909 943 1988 solverint,
972 1911 1164 1974 camerarius
1185 1915 1293 1974 noster
1313 1911 1474 1994 placitabit
1495 1932 1591 1995 super

284 2017 406 2082 curiam
423 2017 533 2077 contm
549 2028 604 2074 eos
627 2007 805 2072 secundum
825 2008 878 2070 ius
900 2015 931 2070 et
946 2008 1211 2072 consuetudinem
1230 2009 1374 2090 civitatis,
1390 2017 1484 2093 prout
1495 2029 1592 2094 super

283 2116 376 2179 bonis
407 2107 604 2175 hereditariis
643 2106 792 2190 competit
825 2103 1017 2170 faciendum.
1064 2103 1185 2170 Testes:
1224 2105 1417 2172 Godsoalcus
1451 2105 1590 2192 Longus,

284 2211 439 2278 Rodollus
459 2209 497 2272 de
518 2205 710 2284 Nonhusen,
731 2202 925 2268 Godscalcus
946 2201 1132 2284 Kerlingere
1153 2210 1183 2267 et
1201 2203 1254 2268 alii
1272 2205 1358 2269 cives
1372 2205 1589 2272 Erlordenses.

284 2314 366 2377 Actu
391 2313 468 2374 sunt
492 2307 550 2370 hec
571 2324 656 2368 euno
678 2302 779 2386 gratie
805 2300 848 2365 M.
861 2299 988 2380 OO.LI.‚
1001 2297 1057 2366 VI.
1080 2299 1157 2366 Idus
1178 2302 1380 2386 Septembris

286 2497 400 2582 1266.
426 2493 622 2576 Februer
648 2489 687 2574 6.
1549 2492 1591 2576 4,

384 2631 530 2698 Lutolfus
550 2633 582 2694 et
601 2627 773 2692 Heinricus
793 2625 921 2707 fratres,
948 2625 1064 2690 milites
1086 2625 1125 2690 de
1145 2624 1316 2702 Berlstete,
1335 2625 1510 2708 ocrlraufen
1531 2629 1590 2692 mit

384 2727 617 2807 Eiowillipuop
635 2724 722 2788 ibrer
732 2723 864 2786 creber
873 2721 944 2786 und
959 2721 1148 2786 moereo
1158 2723 1226 2788 dem
1239 2721 1353 2804 Propst
1363 2725 1436 2788 uod
1443 2727 1589 2790 Konoent

386 2827 441 2893 <tes
463 2823 704 2906 Replerblosters
722 2821 759 2884 br
779 2821 899 2902 Erfurt
919 2819 1010 2884 ibren
1030 2818 1104 2902 Hos
1117 2840 1160 2884 ru
1180 2821 1342 2888 Borlstete.
1431 2842 1448 2872 1

389 2942 533 3022 Zebpen:
554 2940 705 3022 Magister
726 2935 956 3017 Tudertem,
981 2939 1154 3001 canonicus
1177 2937 1319 3020 sllerie,
1340 2938 1436 3022 Hugo
1451 2937 1590 3025 longus,

386 3041 554 3104 Didericus
580 3036 795 3115 vicedomini,
826 3033 1012 3098 Guutherus
1041 3033 1188 3115 Alboldi,
1209 3035 1412 3119 Sygelrerdus
1434 3037 1591 3120 Lubelini,

385 3139 571 3203 Gotscelcus
592 3136 631 3201 de
645 3134 833 3200 Smideetetc
853 3134 940 3196 cives
962 3131 1178 3215 Erlordeuses,
1200 3134 1407 3199 Hermannus
1428 3135 1467 3199 de
1488 3135 1589 3215 Sulca,

309 3252 311 3257 '
383 3237 498 3301 Petrus
519 3235 558 3297 de
578 3233 741 3313 Berlstete,
761 3231 921 3296 DItericus
942 3232 980 3296 de
1001 3229 1146 3295 Rocstete
1169 3231 1295 3296 milites.

384 3351 420 3417 In
444 3353 537 3415 cuius
559 3349 604 3414 rei
625 3348 847 3412 certitudinem
869 3394 998 3412 .....
1020 3348 1155 3412 litteram
1179 3347 1333 3431 dedimus,
1356 3349 1459 3432 sigillo
1480 3357 1587 3416 nostro

385 3499 392 3515 .
416 3500 423 3512 .
446 3500 478 3516 ..
502 3501 509 3514 .
531 3454 562 3513 et
581 3447 684 3530 sigillo
705 3447 842 3509 civitatis
863 3445 1064 3510 Erlordcnsis
1083 3450 1320 3512 communitam.
1355 3449 1589 3512 Actesuntlrcc

383 3547 527 3613 Erfordio
543 3565 626 3609 anno
637 3547 737 3626 gretie
748 3543 788 3607 M.
797 3543 854 3610 CO.
864 3542 980 3608 LXVI.
992 3543 1080 3610 VIII.
1091 3543 1167 3608 Idus
1182 3543 1342 3608 Februarii
1356 3545 1587 3628 submagistris

383 3647 553 3711 consulum
574 3643 758 3723 (lobes-elci)
779 3641 961 3724 Kcrlingori
984 3641 1306 3706 etTl1.Vicedomini.

436 3762 527 3817 onim
544 3760 582 3814 D.
594 3758 702 3820 meld,

282 3944 393 4025 ltro.
422 3940 617 4023 Februer
642 3939 677 4020 7.
1488 3928 1491 3934 ’
1548 3941 1586 4021 5.

383 4077 505 4154 Albert,
529 4077 621 4159 Grof
635 4096 695 4139 oon
719 4073 956 4150 Gler'cbenstrr'rr
978 4074 1126 4156 verbouft
1147 4075 1215 4138 dem
1235 4079 1414 4156 percolentes
1435 4076 1589 4158 Erlcrter

382 4177 511 4256 Bdrper
530 4176 590 4239 doe
611 4172 777 4238 Rodelcbd
794 4170 841 4235 bcr'
862 4171 1056 4236 Bisdrlrbcn.

433 4295 573 4361 Abecbrist
588 4296 621 4348 ln
636 4293 690 4346 den
707 4291 799 4344 Aleten
815 4288 862 4343 dcc
881 4289 1067 4346 Stcdtcrclu'os
1084 4308 1119 4346 zu
1136 4289 1280 4346 Aeetam.

362 4419 429 4484 Nos
450 4418 617 4499 Albortus,
637 4416 696 4481 Dei
717 4415 818 4499 gretie
837 4433 944 4479 comes
966 4415 1004 4479 do
1026 4415 1243 4494 Glichinstem,
1263 4414 1466 4498 presentibus
1487 4415 1589 4480 literis

282 4519 539 4599 recognoscimus
574 4521 605 4579 et
635 4516 673 4579 ed
713 4517 857 4580 notitiem
891 4521 955 4578 tem
986 4515 1184 4594 futurorum,
1225 4533 1320 4596 quarn
1360 4514 1588 4580 modernorum

283 4616 446 4696 pervenire
467 4616 616 4695 cupimus
639 4619 669 4677 et
690 4615 826 4695 extendi,
847 4614 931 4697 quod
955 4615 1105 4696 unircrse
1117 4612 1199 4676 boue
1216 4617 1324 4676 nostre
1338 4611 1421 4676 dicte
1435 4611 1591 4694 rodelont,
