3525 5209
483 386 712 441 Urkundenbuch
730 385 780 440 der
797 386 882 442 stadt
898 385 1004 442 Erlmt.
1042 387 1081 441 11.
1098 385 1187 441 'llreil
1439 384 1488 436 145

182 537 292 622 1337.
320 537 505 619 October
530 536 589 618 27.
616 536 860 619 Ebrenfels.
1399 531 1490 617 169.

283 689 451 770 Heinran,
478 689 665 771 Erabssclmf
686 710 745 752 vora
768 689 894 767 Maius,
917 693 1048 752 aucam
1068 689 1137 752 und
1158 690 1397 770 bemllmrirlaiipt
1416 691 1491 755 awai

286 789 527 853 commissorias
552 807 613 852 aar
633 787 834 868 Hastalluup
858 788 912 850 das
933 787 1121 850 loiroblicben
1143 787 1297 851 Friadeas
1318 792 1351 852 ia
1372 789 1492 856 Hersen

283 886 352 948 und
378 883 562 966 lbiirinqcn.

336 1023 380 1079 Or.
402 1023 438 1074 im
458 1021 494 1073 1).
515 1023 548 1073 A.
568 1021 594 1074 S.
614 1020 640 1078 d.

264 1125 449 1193 Heinrious.
486 1125 543 1190 Dei
579 1128 680 1210 gratia
712 1149 736 1188 s.
775 1125 961 1208 Magantine
998 1126 1081 1190 sedis
1113 1127 1379 1212 archiepiscopus,
1414 1134 1494 1195 sacri

184 1227 309 1308 imperii
323 1245 378 1309 per
395 1226 596 1288 Germaniam
613 1223 918 1302 archicancellarius,
934 1224 1054 1288 dilectis
1075 1223 1133 1286 sibi
1153 1225 1186 1288 in
1198 1223 1320 1290 Christo
1333 1225 1494 1312 Luppoldo

184 1323 222 1386 de
232 1322 426 1406 Bebinburg,
442 1323 592 1386 canonico
604 1320 865 1404 lllognntiuensis,
880 1328 911 1384 et
922 1321 1064 1384 Conrado
1082 1321 1120 1384 de
1131 1321 1323 1406 Spigelberg,
1342 1327 1494 1390 canonico

186 1419 519 1502 Aschafllnburgensis
540 1419 757 1494 ecclesiarum,
789 1418 921 1481 salutem
946 1419 977 1481 in
1001 1415 1145 1482 Domino.
1188 1419 1382 1486 incumbunt
1405 1424 1495 1486 nobis

185 1519 406 1581 sollicitudinis
422 1519 537 1595 studia,
559 1524 594 1580 ut
615 1518 744 1579 ecclesia
764 1523 869 1578 nostra
888 1514 1074 1596 Magantiua
1090 1517 1122 1579 in
1143 1515 1257 1580 Hassie
1274 1525 1304 1582 et
1323 1519 1495 1602 'linuringie

184 1615 326 1698 partibus
358 1617 390 1678 in
420 1614 636 1699 spiritualibus
675 1633 821 1697 prospere
850 1613 1047 1695 gubernetur
1077 1633 1113 1677 ac
1149 1617 1253 1680 omnis
1290 1617 1496 1684 dissensionis

186 1715 315 1777 materia
337 1715 419 1777 inter
437 1715 572 1796 prelatos
592 1722 622 1777 et
643 1713 763 1776 clerum
786 1711 996 1796 predictarum
1018 1714 1167 1794 partium,
1189 1714 1283 1795 pmch
1306 1715 1410 1779 dolor!
1430 1719 1493 1782 iam

186 1811 306 1875 dudum
336 1799 458 1884 exorta,
484 1812 651 1876 salubriter
680 1812 827 1893 sopiatur.
872 1807 919 1871 De
952 1815 1052 1872 vestre
1080 1811 1178 1892 igitur
1204 1812 1496 1896 circumspectionis

185 1912 344 1975 industria
372 1910 538 1993 specialem
567 1912 599 1971 in
622 1907 759 1972 Domino
786 1907 933 1970 fiduciam
964 1906 1158 1986 obtinenteS,
1186 1928 1242 1972 vos
1273 1917 1304 1972 et
1325 1913 1497 1993 quemlibet

186 2018 327 2073 vestrum
360 2010 393 2071 in
426 2008 579 2087 solidum,
611 2009 653 2069 ita
686 2006 770 2088 quod
799 2025 862 2068 uon
897 2007 937 2067 sit
966 2006 1076 2067 melior
1096 2006 1233 2069 conditio
1256 2011 1438 2092 occupantis
1459 2017 1497 2092 et,

187 2109 272 2191 quod
304 2126 360 2191 per
402 2127 503 2168 unum
535 2111 660 2187 ceptum
682 2104 794 2179 fuerit,
821 2123 876 2185 per
905 2103 1001 2164 alium
1035 2105 1180 2186 persequi
1215 2105 1316 2170 valeat
1348 2113 1379 2170 et
1403 2109 1498 2190 liniri,

190 2217 315 2270 nostros
333 2207 363 2267 in
385 2204 532 2287 predictis
550 2201 664 2265 Hassis
682 2208 713 2264 et
731 2199 903 2282 Thuringie
919 2199 1060 2283 partibus
1078 2201 1111 2262 in
1134 2203 1351 2284 spiritualibus
1367 2207 1499 2270 vicarios

186 2312 218 2367 et
235 2303 469 2366 commissarios
491 2300 653 2382 generales
675 2299 859 2361 ordinamus
881 2303 912 2360 et
932 2297 1066 2360 facimus
1088 2299 1119 2360 in
1143 2299 1203 2362 hiis
1230 2303 1366 2384 scriptis,
1389 2303 1498 2369 dantes

188 2402 278 2465 vobis
314 2409 344 2463 et
379 2399 508 2463 cuilibet
544 2406 682 2460 vestrum
720 2396 844 2479 plenam
878 2402 909 2458 et
947 2395 1077 2458 liberam
1116 2405 1314 2478 potestatem,
1348 2420 1498 2483 personas

188 2501 423 2577 ecclesiasticas,
444 2498 666 2578 cuiuscunque
688 2495 856 2577 dignitatis
875 2501 984 2568 status,
1000 2493 1190 2556 conditionis
1206 2499 1498 2579 autpreeminentie

188 2600 326 2663 existant
356 2595 565 2681 predictarum
596 2595 748 2675 partium,
776 2591 987 2668 convocandi,
1016 2591 1225 2654 concordandi
1249 2593 1286 2656 de
1311 2597 1498 2662 criminibus

188 2697 408 2762 ecclesiasticis
428 2701 459 2757 et
479 2703 561 2756 statu
585 2693 736 2776 ipsorum,
767 2687 948 2772 inquirendi
967 2694 1083 2750 statum
1107 2707 1224 2770 aarum,
1248 2691 1438 2760 reformandi
1461 2697 1499 2760 de

189 2799 294 2860 cauas
326 2792 585 2876 quibuscunque,
622 2790 661 2851 ad
697 2789 800 2850 iorum
841 2786 1087 2850 ecclesiasticum
1124 2789 1337 2869 sperantibus
1367 2811 1499 2875 cognos-

189 2894 299 2970 cendi,
325 2909 475 2974 personas
502 2887 728 2950 ecclesiasticas
754 2892 785 2948 et
813 2883 970 2948 seculares
998 2885 1029 2946 in
1058 2884 1136 2967 ipsis
1164 2887 1305 2969 partibus
1327 2910 1344 2952 a
1368 2893 1499 2972 quibus-

189 3009 317 3072 cunque
348 2985 687 3052 excommunicationis
718 2989 749 3045 et
776 2981 995 3065 suspensionis
1023 2984 1195 3059 sententiis,
1236 3005 1251 3046 a
1283 2988 1400 3068 quibus
1440 3010 1498 3054 nos

190 3091 275 3172 ipsos
301 3088 340 3150 de
369 3088 439 3148 ime
468 3101 634 3166 possemus
655 3081 832 3157 absolvere,
862 3081 953 3142 iuxta
981 3080 1112 3142 formam
1146 3081 1275 3145 ecclesie
1306 3084 1500 3168 absolvendi,

190 3207 263 3250 cum
286 3183 403 3248 eisdem
425 3183 458 3244 in
487 3181 621 3257 casibus,
647 3179 740 3242 nobis
768 3199 787 3240 a
817 3178 887 3239 iure
914 3177 1081 3254 concessis,
1102 3179 1222 3242 ratione
1245 3183 1351 3263 previa
1374 3183 1499 3269 dispen-

191 3284 290 3360 sandi,
311 3301 460 3365 personas
478 3278 693 3344 inobedientes
706 3273 892 3356 corrigendi,
912 3274 1166 3338 commissarium
1183 3295 1239 3340 seu
1257 3283 1500 3361 commissarios

191 3387 423 3466 procuratorem
447 3377 497 3440 vel
517 3383 742 3460 procuratores
765 3391 821 3457 per
838 3391 897 3434 nos
919 3371 950 3431 in
975 3370 1121 3451 predictis
1141 3376 1282 3454 partibus
1303 3382 1500 3462 constitutos,

191 3478 360 3543 revocandi
385 3487 416 3539 et
437 3476 535 3538 alium
554 3494 611 3536 seu
632 3473 709 3534 alios
730 3468 951 3544 constituendi,
973 3487 1029 3532 scu
1054 3469 1131 3550 ipsis
1152 3472 1352 3556 adiungendi,
1373 3479 1500 3560 quando

192 3585 223 3641 et
244 3577 391 3660 quotiens
411 3574 458 3636 eis
483 3572 533 3635 vel
561 3591 671 3634 eorum
701 3569 787 3631 alteri
817 3585 872 3649 pro
901 3575 1006 3628 nostra
1028 3571 1059 3628 et
1087 3566 1217 3632 ecclesie
1244 3579 1348 3637 nostre
1368 3576 1500 3640 utilitate

194 3674 351 3738 videbitur
372 3671 527 3754 expedire,
550 3664 897 3739 excommunicationis,
918 3665 1135 3744 suspensionis
1156 3673 1186 3730 et
1204 3669 1360 3734 interdicti
1376 3680 1499 3738 seuten-

193 3773 251 3834 tias
282 3766 487 3845 fulminandi,
517 3773 556 3839 et,
586 3785 667 3847 quas
697 3764 756 3826 rite
789 3761 923 3824 tuleritis
952 3761 985 3822 in
1016 3757 1158 3840 rebelles,
1188 3764 1342 3832 faciemus
1373 3778 1500 3835 auctore

192 3868 331 3932 Domino
352 3865 573 3929 inviolabiliter
593 3863 775 3940 observare,
805 3877 928 3923 necnon
951 3859 1059 3922 omnia
1079 3860 1140 3924 alia
1161 3870 1192 3925 et
1213 3866 1336 3948 singula
1356 3869 1501 3951 faciendi,

193 3985 256 4050 que
288 3968 323 4028 in
355 3964 518 4046 premissis
543 3982 599 4025 seu
626 3962 852 4044 premissorum
882 3955 1023 4038 quolibet
1051 3957 1168 4022 fuerint
1199 3972 1352 4044 oportuna
1381 3975 1411 4030 et
1439 3989 1501 4052 que

192 4084 251 4127 nos
270 4064 373 4126 facere
394 4080 571 4145 possemus,
597 4061 624 4124 si
646 4058 761 4123 ibidem
783 4073 927 4120 essemus
951 4053 1156 4136 personaliter
1185 4062 1354 4126 constituti.
1397 4063 1499 4131 Etiam

193 4163 220 4226 si
240 4160 426 4224 mandatum
447 4160 577 4240 exigant
597 4156 739 4239 speciale,
760 4154 977 4238 promittentes
1004 4171 1061 4214 uos
1089 4161 1193 4218 ratum
1216 4165 1246 4220 et
1265 4169 1392 4241 gratum
1415 4165 1501 4228 babi-

193 4259 265 4338 turi,
286 4256 441 4341 quidquid
456 4275 511 4339 per
527 4257 661 4339 prefatos
682 4262 806 4316 nostros
823 4249 956 4313 vicarios
977 4257 1008 4312 et
1028 4253 1260 4319 commissarios
1281 4277 1337 4321 seu
1360 4261 1498 4342 ipsorum

193 4357 328 4420 alterum
356 4355 407 4418 vel
438 4356 647 4418 constitutum
682 4371 738 4414 seu
768 4345 1027 4412 constituendum
1058 4347 1097 4411 ab
1126 4350 1172 4412 eis
1193 4371 1249 4415 seu
1274 4373 1381 4420 eorum
1404 4359 1500 4423 altero

192 4456 226 4518 in
264 4453 426 4537 premissis
459 4471 516 4516 seu
550 4452 774 4535 premissorum
813 4443 956 4529 quolibet
987 4451 1091 4508 actum
1128 4447 1224 4512 fuerit
1263 4456 1329 4517 sive
1366 4465 1497 4538 gestum.

195 4551 316 4616 Datum
335 4549 498 4629 Erenvels,
519 4548 576 4612 Vl.
599 4548 666 4612 llal.
690 4545 871 4619 Novembr,
891 4557 975 4604 anno
997 4539 1124 4606 Domini
1148 4545 1459 4620 dcccxxxvii.

220 4657 479 4710 camaras
496 4659 601 4698 nauta.
619 4656 694 4697 mv.
1326 4664 1351 4702 ιι
