<?xml version="1.0" encoding="UTF-8"?>
<!DOCTYPE html PUBLIC "-//W3C//DTD XHTML 1.0 Transitional//EN"
    "http://www.w3.org/TR/xhtml1/DTD/xhtml1-transitional.dtd">
<html xmlns="http://www.w3.org/1999/xhtml" xml:lang="en" lang="en">
 <head>
  <title>
</title>
<meta http-equiv="Content-Type" content="text/html;charset=utf-8" />
  <meta name='ocr-system' content='tesseract 3.04.00' />
  <meta name='ocr-capabilities' content='ocr_page ocr_carea ocr_par ocr_line ocrx_word'/>
</head>
<body>
  <div class='ocr_page' id='page_1' title='image "./urkundenbuchder04sachgoog_0571.png"; bbox 0 0 3525 5209; ppageno 0'>
   <div class='ocr_carea' id='block_1_1' title="bbox 299 337 1245 461">
    <p class='ocr_par' dir='ltr' id='par_1_1' title="bbox 299 337 1245 461">
     <span class='ocr_line' id='line_1_1' title="bbox 299 337 1245 461; baseline 0.004 -19"><span class='ocrx_word' id='word_1_1' title='bbox 299 389 352 443; x_wconf 74' lang='lat'>558</span> <span class='ocrx_word' id='word_1_2' title='bbox 652 388 927 461; x_wconf 71' lang='lat' dir='ltr'>(ieschiehtsquellen</span> <span class='ocrx_word' id='word_1_3' title='bbox 947 389 996 445; x_wconf 87' lang='lat' dir='ltr'>der</span> <span class='ocrx_word' id='word_1_4' title='bbox 1014 391 1094 445; x_wconf 79' lang='lat' dir='ltr'>Pron.</span> <span class='ocrx_word' id='word_1_5' title='bbox 1114 337 1245 448; x_wconf 85' lang='lat' dir='ltr'>Sacbaen.</span> 
     </span>
    </p>
   </div>
   <div class='ocr_carea' id='block_1_2' title="bbox 299 611 1604 710">
    <p class='ocr_par' dir='ltr' id='par_1_2' title="bbox 299 611 1604 710">
     <span class='ocr_line' id='line_1_2' title="bbox 299 611 1604 710; baseline 0.002 -19"><span class='ocrx_word' id='word_1_6' title='bbox 299 611 412 694; x_wconf 76' lang='lat'><strong>1376.</strong></span> <span class='ocrx_word' id='word_1_7' title='bbox 437 613 608 694; x_wconf 83' lang='lat' dir='ltr'>lanuar</span> <span class='ocrx_word' id='word_1_8' title='bbox 636 616 671 695; x_wconf 79' lang='lat'>7.</span> <span class='ocrx_word' id='word_1_9' title='bbox 698 612 909 710; x_wconf 81' lang='lat' dir='ltr'>Avlgnon.</span> <span class='ocrx_word' id='word_1_10' title='bbox 1247 663 1250 669; x_wconf 92' lang='lat'>-</span> <span class='ocrx_word' id='word_1_11' title='bbox 1514 613 1604 695; x_wconf 79' lang='lat' dir='ltr'>too.</span> 
     </span>
    </p>
   </div>
   <div class='ocr_carea' id='block_1_3' title="bbox 398 721 1606 1024">
    <p class='ocr_par' dir='ltr' id='par_1_3' title="bbox 398 721 1606 1024">
     <span class='ocr_line' id='line_1_3' title="bbox 403 721 1604 831; baseline -0.001 -22"><span class='ocrx_word' id='word_1_12' title='bbox 403 746 503 828; x_wconf 81' lang='lat' dir='ltr'>Pupst</span> <span class='ocrx_word' id='word_1_13' title='bbox 524 751 645 828; x_wconf 64' lang='lat' dir='ltr'>(trecor</span> <span class='ocrx_word' id='word_1_14' title='bbox 666 747 702 810; x_wconf 85' lang='lat' dir='ltr'>X</span> <span class='ocrx_word' id='word_1_15' title='bbox 703 748 725 810; x_wconf 91' lang='lat' dir='ltr'>l.</span> <span class='ocrx_word' id='word_1_16' title='bbox 746 749 858 811; x_wconf 78' lang='lat' dir='ltr'>nimnrt</span> <span class='ocrx_word' id='word_1_17' title='bbox 877 749 929 811; x_wconf 89' lang='lat' dir='ltr'>dio</span> <span class='ocrx_word' id='word_1_18' title='bbox 950 747 1040 812; x_wconf 75' lang='lat' dir='ltr'>sium</span> <span class='ocrx_word' id='word_1_19' title='bbox 1060 721 1177 831; x_wconf 70' lang='lat' dir='ltr'>Erfnrt</span> <span class='ocrx_word' id='word_1_20' title='bbox 1204 750 1251 811; x_wconf 87' lang='lat' dir='ltr'>his</span> <span class='ocrx_word' id='word_1_21' title='bbox 1269 769 1343 814; x_wconf 71' lang='lat' dir='ltr'>sitm</span> <span class='ocrx_word' id='word_1_22' title='bbox 1365 751 1524 829; x_wconf 77' lang='lat' dir='ltr'>Austropc</span> <span class='ocrx_word' id='word_1_23' title='bbox 1552 750 1604 811; x_wconf 83' lang='lat' dir='ltr'>cles</span> 
     </span>
     <span class='ocr_line' id='line_1_4' title="bbox 398 844 1606 928; baseline 0.002 -20"><span class='ocrx_word' id='word_1_24' title='bbox 398 844 524 908; x_wconf 67' lang='lat' dir='ltr'>atreum</span> <span class='ocrx_word' id='word_1_25' title='bbox 542 845 693 910; x_wconf 65' lang='lat' dir='ltr'>swarten</span> <span class='ocrx_word' id='word_1_26' title='bbox 712 845 899 926; x_wconf 77' lang='lat' dir='ltr'>Ercbischof</span> <span class='ocrx_word' id='word_1_27' title='bbox 918 845 1050 927; x_wconf 76' lang='lat' dir='ltr'>Lrtdmiy</span> <span class='ocrx_word' id='word_1_28' title='bbox 1070 847 1140 909; x_wconf 75' lang='lat' dir='ltr'>rand</span> <span class='ocrx_word' id='word_1_29' title='bbox 1165 847 1234 910; x_wconf 73' lang='lat' dir='ltr'>aloru</span> <span class='ocrx_word' id='word_1_30' title='bbox 1262 847 1453 928; x_wconf 83' lang='lat' dir='ltr'>Dorncupitel</span> <span class='ocrx_word' id='word_1_31' title='bbox 1487 850 1523 910; x_wconf 85' lang='lat' dir='ltr'>in</span> <span class='ocrx_word' id='word_1_32' title='bbox 1556 848 1606 910; x_wconf 86' lang='lat' dir='ltr'>dic</span> 
     </span>
     <span class='ocr_line' id='line_1_5' title="bbox 407 941 987 1024; baseline 0.003 -18"><span class='ocrx_word' id='word_1_33' title='bbox 407 943 607 1023; x_wconf 79' lang='lat' dir='ltr'>Vcrwaltunp</span> <span class='ocrx_word' id='word_1_34' title='bbox 627 943 681 1006; x_wconf 83' lang='lat' dir='ltr'>das</span> <span class='ocrx_word' id='word_1_35' title='bbox 700 942 835 1024; x_wconf 60' lang='lat' dir='ltr'>helicen</span> <span class='ocrx_word' id='word_1_36' title='bbox 856 941 987 1009; x_wconf 65' lang='lat' dir='ltr'>&amp;athlas</span> 
     </span>
    </p>
   </div>
   <div class='ocr_carea' id='block_1_4' title="bbox 452 1060 1154 1201">
    <p class='ocr_par' dir='ltr' id='par_1_4' title="bbox 452 1060 1154 1201">
     <span class='ocr_line' id='line_1_6' title="bbox 454 1060 1045 1130; baseline 0.002 -17"><span class='ocrx_word' id='word_1_37' title='bbox 454 1061 499 1116; x_wconf 81' lang='lat' dir='ltr'>Or.</span> <span class='ocrx_word' id='word_1_38' title='bbox 519 1063 569 1114; x_wconf 83' lang='lat' dir='ltr'>mit</span> <span class='ocrx_word' id='word_1_39' title='bbox 586 1060 703 1114; x_wconf 74' lang='lat' dir='ltr'>‹thh</span> <span class='ocrx_word' id='word_1_40' title='bbox 720 1061 758 1114; x_wconf 80' lang='lat' dir='ltr'>im</span> <span class='ocrx_word' id='word_1_41' title='bbox 776 1060 832 1130; x_wconf 71' lang='lat' dir='ltr'>Kpl</span> <span class='ocrx_word' id='word_1_42' title='bbox 849 1061 888 1116; x_wconf 78' lang='lat' dir='ltr'>St.</span> <span class='ocrx_word' id='word_1_43' title='bbox 900 1063 933 1118; x_wconf 76' lang='lat' dir='ltr'>A.</span> <span class='ocrx_word' id='word_1_44' title='bbox 952 1079 987 1114; x_wconf 77' lang='lat' dir='ltr'>ra</span> <span class='ocrx_word' id='word_1_45' title='bbox 1005 1061 1045 1114; x_wconf 92' lang='lat' dir='ltr'>M.</span> 
     </span>
     <span class='ocr_line' id='line_1_7' title="bbox 452 1130 1154 1201; baseline 0 -17"><span class='ocrx_word' id='word_1_46' title='bbox 452 1130 590 1196; x_wconf 76' lang='lat' dir='ltr'><strong><em>Schmidt,</em></strong></span> <span class='ocrx_word' id='word_1_47' title='bbox 611 1131 713 1200; x_wconf 76' lang='lat' dir='ltr'>repul.</span> <span class='ocrx_word' id='word_1_48' title='bbox 729 1132 831 1186; x_wconf 79' lang='lat' dir='ltr'>Urhu.</span> <span class='ocrx_word' id='word_1_49' title='bbox 844 1131 906 1201; x_wconf 76' lang='lat' dir='ltr'>ch.</span> <span class='ocrx_word' id='word_1_50' title='bbox 927 1131 969 1198; x_wconf 82' lang='grc' dir='ltr'>ΙΙ,</span> <span class='ocrx_word' id='word_1_51' title='bbox 988 1133 1037 1190; x_wconf 90' lang='lat' dir='ltr'>l.c.</span> <span class='ocrx_word' id='word_1_52' title='bbox 1056 1131 1083 1186; x_wconf 82' lang='lat' dir='ltr'>S.</span> <span class='ocrx_word' id='word_1_53' title='bbox 1094 1135 1154 1186; x_wconf 83' lang='lat'><strong>339.</strong></span> 
     </span>
    </p>
   </div>
   <div class='ocr_carea' id='block_1_5' title="bbox 297 1234 1607 1517">
    <p class='ocr_par' dir='ltr' id='par_1_5' title="bbox 297 1234 1607 1517">
     <span class='ocr_line' id='line_1_8' title="bbox 379 1234 1606 1320; baseline 0.003 -24"><span class='ocrx_word' id='word_1_54' title='bbox 379 1236 551 1318; x_wconf 74' lang='lat' dir='ltr'><strong>Gregorius</strong></span> <span class='ocrx_word' id='word_1_55' title='bbox 562 1238 727 1320; x_wconf 88' lang='lat' dir='ltr'>episcopus</span> <span class='ocrx_word' id='word_1_56' title='bbox 739 1255 1024 1300; x_wconf 84' lang='lat' dir='ltr'>serrusserrorum</span> <span class='ocrx_word' id='word_1_57' title='bbox 1037 1234 1105 1299; x_wconf 90' lang='lat' dir='ltr'>Dei.</span> <span class='ocrx_word' id='word_1_58' title='bbox 1128 1237 1178 1300; x_wconf 83' lang='lat' dir='ltr'>Ad</span> <span class='ocrx_word' id='word_1_59' title='bbox 1192 1237 1331 1302; x_wconf 85' lang='lat' dir='ltr'>futuram</span> <span class='ocrx_word' id='word_1_60' title='bbox 1351 1239 1393 1301; x_wconf 83' lang='lat' dir='ltr'>rei</span> <span class='ocrx_word' id='word_1_61' title='bbox 1411 1240 1606 1310; x_wconf 85' lang='lat' dir='ltr'>memoriam,</span> 
     </span>
     <span class='ocr_line' id='line_1_9' title="bbox 297 1332 1604 1419; baseline 0.002 -23"><span class='ocrx_word' id='word_1_62' title='bbox 297 1354 336 1396; x_wconf 85' lang='lat' dir='ltr'>ex</span> <span class='ocrx_word' id='word_1_63' title='bbox 350 1334 454 1397; x_wconf 91' lang='lat' dir='ltr'>debito</span> <span class='ocrx_word' id='word_1_64' title='bbox 466 1336 629 1417; x_wconf 90' lang='lat' dir='ltr'>pastoralis</span> <span class='ocrx_word' id='word_1_65' title='bbox 639 1334 744 1416; x_wconf 87' lang='lat' dir='ltr'>officii,</span> <span class='ocrx_word' id='word_1_66' title='bbox 761 1355 824 1419; x_wconf 84' lang='lat' dir='ltr'>quo</span> <span class='ocrx_word' id='word_1_67' title='bbox 837 1336 1023 1417; x_wconf 76' lang='lat' dir='ltr'>disponente</span> <span class='ocrx_word' id='word_1_68' title='bbox 1037 1332 1173 1398; x_wconf 85' lang='lat' dir='ltr'>Domino</span> <span class='ocrx_word' id='word_1_69' title='bbox 1185 1337 1387 1399; x_wconf 90' lang='lat' dir='ltr'>ecclesiarum</span> <span class='ocrx_word' id='word_1_70' title='bbox 1406 1337 1604 1399; x_wconf 82' lang='lat' dir='ltr'>othonorum</span> 
     </span>
     <span class='ocr_line' id='line_1_10' title="bbox 299 1433 1607 1517; baseline 0.002 -23"><span class='ocrx_word' id='word_1_71' title='bbox 299 1434 583 1496; x_wconf 86' lang='lat' dir='ltr'>ecclesiasticorum</span> <span class='ocrx_word' id='word_1_72' title='bbox 607 1435 750 1497; x_wconf 89' lang='lat' dir='ltr'>omnium</span> <span class='ocrx_word' id='word_1_73' title='bbox 773 1433 865 1496; x_wconf 89' lang='lat' dir='ltr'>nobis</span> <span class='ocrx_word' id='word_1_74' title='bbox 886 1453 961 1496; x_wconf 89' lang='lat' dir='ltr'>cura</span> <span class='ocrx_word' id='word_1_75' title='bbox 979 1433 1167 1516; x_wconf 77' lang='lat' dir='ltr'>generaliter</span> <span class='ocrx_word' id='word_1_76' title='bbox 1182 1441 1230 1497; x_wconf 89' lang='lat' dir='ltr'>est</span> <span class='ocrx_word' id='word_1_77' title='bbox 1246 1437 1427 1512; x_wconf 87' lang='lat' dir='ltr'>commissa,</span> <span class='ocrx_word' id='word_1_78' title='bbox 1449 1443 1607 1517; x_wconf 77' lang='lat' dir='ltr'>tenemur,</span> 
     </span>
    </p>
   </div>
   <div class='ocr_carea' id='block_1_6' title="bbox 207 1531 1606 1617">
    <p class='ocr_par' dir='ltr' id='par_1_6' title="bbox 207 1531 1606 1617">
     <span class='ocr_line' id='line_1_11' title="bbox 207 1531 1606 1617; baseline 0.004 -25"><span class='ocrx_word' id='word_1_79' title='bbox 207 1611 210 1616; x_wconf 21' lang='grc' dir='ltr'>Ι</span> <span class='ocrx_word' id='word_1_80' title='bbox 298 1539 333 1593; x_wconf 90' lang='lat' dir='ltr'>ut</span> <span class='ocrx_word' id='word_1_81' title='bbox 345 1532 384 1592; x_wconf 91' lang='lat' dir='ltr'>de</span> <span class='ocrx_word' id='word_1_82' title='bbox 397 1531 488 1594; x_wconf 87' lang='lat' dir='ltr'>bunis</span> <span class='ocrx_word' id='word_1_83' title='bbox 499 1537 529 1594; x_wconf 90' lang='lat' dir='ltr'>et</span> <span class='ocrx_word' id='word_1_84' title='bbox 541 1531 665 1595; x_wconf 88' lang='lat' dir='ltr'>iuribus</span> <span class='ocrx_word' id='word_1_85' title='bbox 675 1532 877 1594; x_wconf 85' lang='lat' dir='ltr'>ecclesiarum</span> <span class='ocrx_word' id='word_1_86' title='bbox 892 1532 1043 1615; x_wconf 88' lang='lat' dir='ltr'>ipsarum,</span> <span class='ocrx_word' id='word_1_87' title='bbox 1059 1539 1151 1614; x_wconf 89' lang='lat' dir='ltr'>prout</span> <span class='ocrx_word' id='word_1_88' title='bbox 1161 1552 1365 1616; x_wconf 88' lang='lat' dir='ltr'>personarum</span> <span class='ocrx_word' id='word_1_89' title='bbox 1383 1540 1606 1617; x_wconf 73' lang='lat' dir='ltr'>attemperant</span> 
     </span>
    </p>
   </div>
   <div class='ocr_carea' id='block_1_7' title="bbox 232 1629 1607 4363">
    <p class='ocr_par' dir='ltr' id='par_1_7' title="bbox 232 1629 1607 4363">
     <span class='ocr_line' id='line_1_12' title="bbox 298 1629 1607 1714; baseline 0.002 -22"><span class='ocrx_word' id='word_1_90' title='bbox 298 1629 433 1711; x_wconf 76' lang='lat' dir='ltr'><strong>qualitas</strong></span> <span class='ocrx_word' id='word_1_91' title='bbox 461 1632 560 1712; x_wconf 82' lang='lat' dir='ltr'>exigit</span> <span class='ocrx_word' id='word_1_92' title='bbox 590 1635 622 1696; x_wconf 89' lang='lat' dir='ltr'>et</span> <span class='ocrx_word' id='word_1_93' title='bbox 652 1631 823 1693; x_wconf 87' lang='lat' dir='ltr'>eorundem</span> <span class='ocrx_word' id='word_1_94' title='bbox 856 1629 1060 1692; x_wconf 85' lang='lat' dir='ltr'>ecclesiarum</span> <span class='ocrx_word' id='word_1_95' title='bbox 1089 1630 1207 1693; x_wconf 91' lang='lat' dir='ltr'>utilitas</span> <span class='ocrx_word' id='word_1_96' title='bbox 1234 1632 1412 1714; x_wconf 75' lang='lat' dir='ltr'>persuadet,</span> <span class='ocrx_word' id='word_1_97' title='bbox 1438 1631 1607 1696; x_wconf 80' lang='lat' dir='ltr'>salubriter</span> 
     </span>
     <span class='ocr_line' id='line_1_13' title="bbox 297 1726 1601 1811; baseline 0.003 -23"><span class='ocrx_word' id='word_1_98' title='bbox 297 1726 511 1810; x_wconf 90' lang='lat' dir='ltr'>disponamus.</span> <span class='ocrx_word' id='word_1_99' title='bbox 554 1727 634 1792; x_wconf 75' lang='lat' dir='ltr'>Onna</span> <span class='ocrx_word' id='word_1_100' title='bbox 656 1730 763 1811; x_wconf 85' lang='lat' dir='ltr'>itaque</span> <span class='ocrx_word' id='word_1_101' title='bbox 787 1728 908 1791; x_wconf 89' lang='lat' dir='ltr'>dudum</span> <span class='ocrx_word' id='word_1_102' title='bbox 932 1726 1143 1791; x_wconf 82' lang='lat' dir='ltr'>venerabilem</span> <span class='ocrx_word' id='word_1_103' title='bbox 1173 1732 1299 1792; x_wconf 82' lang='lat' dir='ltr'>tratrem</span> <span class='ocrx_word' id='word_1_104' title='bbox 1332 1735 1474 1793; x_wconf 89' lang='lat' dir='ltr'>nostrum</span> <span class='ocrx_word' id='word_1_105' title='bbox 1498 1729 1601 1794; x_wconf 89' lang='lat' dir='ltr'>Ludo-</span> 
     </span>
     <span class='ocr_line' id='line_1_14' title="bbox 297 1825 1601 1911; baseline 0.002 -23"><span class='ocrx_word' id='word_1_106' title='bbox 297 1829 419 1901; x_wconf 89' lang='lat' dir='ltr'>vicnm,</span> <span class='ocrx_word' id='word_1_107' title='bbox 448 1833 523 1889; x_wconf 90' lang='lat' dir='ltr'>tunc</span> <span class='ocrx_word' id='word_1_108' title='bbox 550 1828 732 1909; x_wconf 90' lang='lat' dir='ltr'>episcopum</span> <span class='ocrx_word' id='word_1_109' title='bbox 762 1825 1044 1909; x_wconf 88' lang='lat' dir='ltr'>Bambergensem,</span> <span class='ocrx_word' id='word_1_110' title='bbox 1069 1847 1087 1888; x_wconf 93' lang='lat' dir='ltr'>a</span> <span class='ocrx_word' id='word_1_111' title='bbox 1112 1827 1255 1906; x_wconf 89' lang='lat' dir='ltr'>vinculo,</span> <span class='ocrx_word' id='word_1_112' title='bbox 1281 1847 1345 1910; x_wconf 89' lang='lat' dir='ltr'>quo</span> <span class='ocrx_word' id='word_1_113' title='bbox 1374 1827 1601 1911; x_wconf 88' lang='lat' dir='ltr'>Bambergensi</span> 
     </span>
     <span class='ocr_line' id='line_1_15' title="bbox 296 1923 1603 2008; baseline 0.002 -22"><span class='ocrx_word' id='word_1_114' title='bbox 296 1925 426 1987; x_wconf 83' lang='lat' dir='ltr'>ecclesie</span> <span class='ocrx_word' id='word_1_115' title='bbox 447 1923 621 2004; x_wconf 87' lang='lat' dir='ltr'>tenebatur,</span> <span class='ocrx_word' id='word_1_116' title='bbox 641 1923 680 1986; x_wconf 89' lang='lat' dir='ltr'>dc</span> <span class='ocrx_word' id='word_1_117' title='bbox 701 1923 833 1988; x_wconf 78' lang='lat' dir='ltr'>fratrum</span> <span class='ocrx_word' id='word_1_118' title='bbox 856 1929 1038 1988; x_wconf 89' lang='lat' dir='ltr'>nostrorum</span> <span class='ocrx_word' id='word_1_119' title='bbox 1057 1925 1187 1988; x_wconf 88' lang='lat' dir='ltr'>consilio</span> <span class='ocrx_word' id='word_1_120' title='bbox 1207 1931 1238 1988; x_wconf 89' lang='lat' dir='ltr'>et</span> <span class='ocrx_word' id='word_1_121' title='bbox 1259 1925 1429 2008; x_wconf 89' lang='lat' dir='ltr'>apostolice</span> <span class='ocrx_word' id='word_1_122' title='bbox 1441 1928 1603 2008; x_wconf 86' lang='lat' dir='ltr'>potestatis</span> 
     </span>
     <span class='ocr_line' id='line_1_16' title="bbox 296 2021 1606 2106; baseline 0 -21"><span class='ocrx_word' id='word_1_123' title='bbox 296 2024 493 2106; x_wconf 80' lang='lat' dir='ltr'>plenitudine</span> <span class='ocrx_word' id='word_1_124' title='bbox 509 2022 697 2085; x_wconf 81' lang='lat' dir='ltr'>duxerimus</span> <span class='ocrx_word' id='word_1_125' title='bbox 711 2022 941 2086; x_wconf 86' lang='lat' dir='ltr'>absolvendum</span> <span class='ocrx_word' id='word_1_126' title='bbox 955 2027 1125 2106; x_wconf 87' lang='lat' dir='ltr'>ipsumque</span> <span class='ocrx_word' id='word_1_127' title='bbox 1141 2023 1178 2085; x_wconf 90' lang='lat' dir='ltr'>ad</span> <span class='ocrx_word' id='word_1_128' title='bbox 1198 2022 1361 2086; x_wconf 82' lang='lat' dir='ltr'>ecclesiam</span> <span class='ocrx_word' id='word_1_129' title='bbox 1377 2021 1606 2105; x_wconf 79' lang='lat' dir='ltr'>Maguntinam,</span> 
     </span>
     <span class='ocr_line' id='line_1_17' title="bbox 295 2120 1607 2204; baseline -0.001 -21"><span class='ocrx_word' id='word_1_130' title='bbox 295 2130 372 2184; x_wconf 90' lang='lat' dir='ltr'>tnnc</span> <span class='ocrx_word' id='word_1_131' title='bbox 394 2127 516 2204; x_wconf 88' lang='lat' dir='ltr'>pastore</span> <span class='ocrx_word' id='word_1_132' title='bbox 537 2126 710 2200; x_wconf 86' lang='lat' dir='ltr'>carentem,</span> <span class='ocrx_word' id='word_1_133' title='bbox 739 2121 779 2184; x_wconf 92' lang='lat' dir='ltr'>de</span> <span class='ocrx_word' id='word_1_134' title='bbox 811 2121 982 2184; x_wconf 87' lang='lat' dir='ltr'>eorundem</span> <span class='ocrx_word' id='word_1_135' title='bbox 1013 2121 1145 2184; x_wconf 87' lang='lat' dir='ltr'>fratrum</span> <span class='ocrx_word' id='word_1_136' title='bbox 1177 2120 1310 2184; x_wconf 90' lang='lat' dir='ltr'>consilio</span> <span class='ocrx_word' id='word_1_137' title='bbox 1340 2121 1607 2200; x_wconf 87' lang='lat' dir='ltr'>transtulerimus,</span> 
     </span>
     <span class='ocr_line' id='line_1_18' title="bbox 297 2219 1607 2303; baseline 0.001 -21"><span class='ocrx_word' id='word_1_138' title='bbox 297 2221 486 2303; x_wconf 86' lang='lat' dir='ltr'>preficiendo</span> <span class='ocrx_word' id='word_1_139' title='bbox 524 2221 626 2302; x_wconf 91' lang='lat' dir='ltr'>ipsum</span> <span class='ocrx_word' id='word_1_140' title='bbox 664 2219 766 2282; x_wconf 90' lang='lat' dir='ltr'>eidem</span> <span class='ocrx_word' id='word_1_141' title='bbox 802 2219 988 2300; x_wconf 87' lang='lat' dir='ltr'>lllaguntine</span> <span class='ocrx_word' id='word_1_142' title='bbox 1022 2219 1153 2281; x_wconf 78' lang='lat' dir='ltr'>ecclesie</span> <span class='ocrx_word' id='word_1_143' title='bbox 1192 2219 1223 2280; x_wconf 93' lang='lat' dir='ltr'>in</span> <span class='ocrx_word' id='word_1_144' title='bbox 1264 2219 1533 2303; x_wconf 83' lang='lat' dir='ltr'>archiepiscopum</span> <span class='ocrx_word' id='word_1_145' title='bbox 1567 2226 1607 2298; x_wconf 88' lang='lat' dir='ltr'>et,</span> 
     </span>
     <span class='ocr_line' id='line_1_19' title="bbox 297 2317 1606 2402; baseline 0.001 -21"><span class='ocrx_word' id='word_1_146' title='bbox 297 2324 461 2402; x_wconf 80' lang='lat' dir='ltr'>pastorem,</span> <span class='ocrx_word' id='word_1_147' title='bbox 482 2320 606 2380; x_wconf 90' lang='lat' dir='ltr'>etsiout</span> <span class='ocrx_word' id='word_1_148' title='bbox 617 2324 723 2401; x_wconf 88' lang='lat' dir='ltr'>postea</span> <span class='ocrx_word' id='word_1_149' title='bbox 733 2317 934 2400; x_wconf 88' lang='lat' dir='ltr'>displicenter</span> <span class='ocrx_word' id='word_1_150' title='bbox 945 2318 1135 2402; x_wconf 87' lang='lat' dir='ltr'>accepimus,</span> <span class='ocrx_word' id='word_1_151' title='bbox 1146 2323 1270 2400; x_wconf 88' lang='lat' dir='ltr'>propter</span> <span class='ocrx_word' id='word_1_152' title='bbox 1281 2317 1421 2380; x_wconf 86' lang='lat' dir='ltr'>diversas</span> <span class='ocrx_word' id='word_1_153' title='bbox 1432 2318 1606 2382; x_wconf 88' lang='lat' dir='ltr'>discordias</span> 
     </span>
     <span class='ocr_line' id='line_1_20' title="bbox 295 2415 1601 2499; baseline 0.002 -23"><span class='ocrx_word' id='word_1_154' title='bbox 295 2424 327 2478; x_wconf 85' lang='lat' dir='ltr'>ct</span> <span class='ocrx_word' id='word_1_155' title='bbox 345 2436 477 2499; x_wconf 80' lang='lat' dir='ltr'>guerras</span> <span class='ocrx_word' id='word_1_156' title='bbox 497 2418 578 2478; x_wconf 90' lang='lat' dir='ltr'>inter</span> <span class='ocrx_word' id='word_1_157' title='bbox 598 2417 703 2498; x_wconf 89' lang='lat' dir='ltr'>ipsum</span> <span class='ocrx_word' id='word_1_158' title='bbox 727 2416 995 2497; x_wconf 88' lang='lat' dir='ltr'>archiepiscopum</span> <span class='ocrx_word' id='word_1_159' title='bbox 1020 2435 1057 2476; x_wconf 85' lang='lat' dir='ltr'>ex</span> <span class='ocrx_word' id='word_1_160' title='bbox 1082 2421 1168 2497; x_wconf 82' lang='lat' dir='ltr'>parte</span> <span class='ocrx_word' id='word_1_161' title='bbox 1196 2434 1260 2476; x_wconf 93' lang='lat' dir='ltr'>nna</span> <span class='ocrx_word' id='word_1_162' title='bbox 1281 2422 1312 2476; x_wconf 90' lang='lat' dir='ltr'>et</span> <span class='ocrx_word' id='word_1_163' title='bbox 1332 2463 1358 2477; x_wconf 89' lang='lat'>..</span> <span class='ocrx_word' id='word_1_164' title='bbox 1385 2415 1542 2479; x_wconf 86' lang='lat' dir='ltr'>decanum</span> <span class='ocrx_word' id='word_1_165' title='bbox 1566 2438 1601 2480; x_wconf 85' lang='lat' dir='ltr'>ar</span> 
     </span>
     <span class='ocr_line' id='line_1_21' title="bbox 295 2509 1602 2597; baseline 0.001 -21"><span class='ocrx_word' id='word_1_166' title='bbox 295 2515 467 2597; x_wconf 83' lang='lat' dir='ltr'>capitulum</span> <span class='ocrx_word' id='word_1_167' title='bbox 499 2515 640 2577; x_wconf 86' lang='lat' dir='ltr'>ciusdem</span> <span class='ocrx_word' id='word_1_168' title='bbox 678 2514 808 2576; x_wconf 69' lang='lat' dir='ltr'>ecclesie</span> <span class='ocrx_word' id='word_1_169' title='bbox 844 2509 1030 2594; x_wconf 84' lang='lat' dir='ltr'>Maguntiue</span> <span class='ocrx_word' id='word_1_170' title='bbox 1063 2514 1135 2595; x_wconf 86' lang='lat' dir='ltr'>qui,</span> <span class='ocrx_word' id='word_1_171' title='bbox 1161 2518 1204 2586; x_wconf 66' lang='lat' dir='ltr'>‚ut</span> <span class='ocrx_word' id='word_1_172' title='bbox 1238 2514 1404 2588; x_wconf 80' lang='lat' dir='ltr'>asseritur,</span> <span class='ocrx_word' id='word_1_173' title='bbox 1441 2514 1602 2595; x_wconf 74' lang='lat' dir='ltr'>uitandam</span> 
     </span>
     <span class='ocr_line' id='line_1_22' title="bbox 294 2609 1605 2690; baseline 0.003 -17"><span class='ocrx_word' id='word_1_174' title='bbox 294 2613 392 2675; x_wconf 85' lang='lat' dir='ltr'>aliurn</span> <span class='ocrx_word' id='word_1_175' title='bbox 431 2613 463 2674; x_wconf 93' lang='lat' dir='ltr'>in</span> <span class='ocrx_word' id='word_1_176' title='bbox 495 2613 577 2675; x_wconf 87' lang='lat' dir='ltr'>diota</span> <span class='ocrx_word' id='word_1_177' title='bbox 607 2613 738 2674; x_wconf 88' lang='lat' dir='ltr'>ecclesia</span> <span class='ocrx_word' id='word_1_178' title='bbox 767 2613 975 2690; x_wconf 85' lang='lat' dir='ltr'>intruserunt,</span> <span class='ocrx_word' id='word_1_179' title='bbox 1004 2631 1040 2674; x_wconf 88' lang='lat' dir='ltr'>ao</span> <span class='ocrx_word' id='word_1_180' title='bbox 1072 2610 1243 2674; x_wconf 89' lang='lat' dir='ltr'>nonnullos</span> <span class='ocrx_word' id='word_1_181' title='bbox 1273 2613 1350 2674; x_wconf 89' lang='lat' dir='ltr'>alios</span> <span class='ocrx_word' id='word_1_182' title='bbox 1381 2609 1540 2674; x_wconf 90' lang='lat' dir='ltr'>subiectos</span> <span class='ocrx_word' id='word_1_183' title='bbox 1575 2623 1605 2677; x_wconf 81' lang='lat' dir='ltr'>et</span> 
     </span>
     <span class='ocr_line' id='line_1_23' title="bbox 297 2708 1606 2794; baseline 0.002 -23"><span class='ocrx_word' id='word_1_184' title='bbox 297 2708 448 2773; x_wconf 86' lang='lat' dir='ltr'>vassallos</span> <span class='ocrx_word' id='word_1_185' title='bbox 464 2712 563 2794; x_wconf 89' lang='lat' dir='ltr'>ipsius</span> <span class='ocrx_word' id='word_1_186' title='bbox 574 2711 713 2788; x_wconf 90' lang='lat' dir='ltr'>ecclesie,</span> <span class='ocrx_word' id='word_1_187' title='bbox 733 2710 850 2773; x_wconf 86' lang='lat' dir='ltr'>eisdem</span> <span class='ocrx_word' id='word_1_188' title='bbox 874 2710 992 2773; x_wconf 83' lang='lat' dir='ltr'>decano</span> <span class='ocrx_word' id='word_1_189' title='bbox 1016 2715 1047 2772; x_wconf 90' lang='lat' dir='ltr'>ot</span> <span class='ocrx_word' id='word_1_190' title='bbox 1060 2709 1197 2793; x_wconf 88' lang='lat' dir='ltr'>capitulo</span> <span class='ocrx_word' id='word_1_191' title='bbox 1217 2729 1253 2772; x_wconf 89' lang='lat' dir='ltr'>ac</span> <span class='ocrx_word' id='word_1_192' title='bbox 1275 2711 1398 2772; x_wconf 90' lang='lat' dir='ltr'>intruso</span> <span class='ocrx_word' id='word_1_193' title='bbox 1420 2708 1606 2774; x_wconf 78' lang='lat' dir='ltr'>adherentes</span> 
     </span>
     <span class='ocr_line' id='line_1_24' title="bbox 295 2807 1604 2891; baseline 0.001 -21"><span class='ocrx_word' id='word_1_194' title='bbox 295 2815 326 2872; x_wconf 91' lang='lat' dir='ltr'>et</span> <span class='ocrx_word' id='word_1_195' title='bbox 350 2812 507 2884; x_wconf 85' lang='lat' dir='ltr'>faventes,</span> <span class='ocrx_word' id='word_1_196' title='bbox 534 2827 575 2871; x_wconf 84' lang='lat' dir='ltr'>ex</span> <span class='ocrx_word' id='word_1_197' title='bbox 596 2808 693 2871; x_wconf 85' lang='lat' dir='ltr'>altem</span> <span class='ocrx_word' id='word_1_198' title='bbox 718 2819 858 2886; x_wconf 73' lang='lat' dir='ltr'>exortam,</span> <span class='ocrx_word' id='word_1_199' title='bbox 888 2809 969 2870; x_wconf 79' lang='lat' dir='ltr'>idern</span> <span class='ocrx_word' id='word_1_200' title='bbox 1002 2807 1255 2891; x_wconf 73' lang='lat' dir='ltr'>archiepiscopus</span> <span class='ocrx_word' id='word_1_201' title='bbox 1283 2808 1517 2890; x_wconf 89' lang='lat' dir='ltr'>possessionem</span> <span class='ocrx_word' id='word_1_202' title='bbox 1550 2811 1604 2872; x_wconf 88' lang='lat' dir='ltr'>ad-</span> 
     </span>
     <span class='ocr_line' id='line_1_25' title="bbox 232 2906 1605 2988; baseline -0.001 -18"><span class='ocrx_word' id='word_1_203' title='bbox 232 2948 235 2953; x_wconf 89' lang='lat'>·</span> <span class='ocrx_word' id='word_1_204' title='bbox 294 2909 536 2970; x_wconf 81' lang='lat' dir='ltr'>ministrationis</span> <span class='ocrx_word' id='word_1_205' title='bbox 577 2906 731 2970; x_wconf 88' lang='lat' dir='ltr'>bonorum</span> <span class='ocrx_word' id='word_1_206' title='bbox 767 2911 798 2969; x_wconf 93' lang='lat' dir='ltr'>ot</span> <span class='ocrx_word' id='word_1_207' title='bbox 835 2908 953 2969; x_wconf 87' lang='lat' dir='ltr'>inrinrn</span> <span class='ocrx_word' id='word_1_208' title='bbox 992 2906 1093 2988; x_wconf 90' lang='lat' dir='ltr'>ipsius</span> <span class='ocrx_word' id='word_1_209' title='bbox 1123 2907 1253 2968; x_wconf 85' lang='lat' dir='ltr'>ecclesie</span> <span class='ocrx_word' id='word_1_210' title='bbox 1289 2906 1392 2968; x_wconf 86' lang='lat' dir='ltr'>adbuc</span> <span class='ocrx_word' id='word_1_211' title='bbox 1424 2908 1605 2988; x_wconf 81' lang='lat' dir='ltr'>ueqrriverit</span> 
     </span>
     <span class='ocr_line' id='line_1_26' title="bbox 297 3002 1605 3088; baseline 0.001 -21"><span class='ocrx_word' id='word_1_212' title='bbox 297 3005 443 3088; x_wconf 83' lang='lat' dir='ltr'>adipisci,</span> <span class='ocrx_word' id='word_1_213' title='bbox 471 3025 530 3067; x_wconf 90' lang='lat' dir='ltr'>nos</span> <span class='ocrx_word' id='word_1_214' title='bbox 558 3023 598 3066; x_wconf 85' lang='lat' dir='ltr'>ex</span> <span class='ocrx_word' id='word_1_215' title='bbox 619 3005 713 3066; x_wconf 84' lang='lat' dir='ltr'>certis</span> <span class='ocrx_word' id='word_1_216' title='bbox 734 3002 975 3067; x_wconf 87' lang='lat' dir='ltr'>rationabilibus</span> <span class='ocrx_word' id='word_1_217' title='bbox 996 3005 1101 3067; x_wconf 88' lang='lat' dir='ltr'>causis</span> <span class='ocrx_word' id='word_1_218' title='bbox 1132 3011 1164 3068; x_wconf 90' lang='lat' dir='ltr'>et</span> <span class='ocrx_word' id='word_1_219' title='bbox 1190 3023 1245 3086; x_wconf 91' lang='lat' dir='ltr'>pro</span> <span class='ocrx_word' id='word_1_220' title='bbox 1268 3003 1351 3065; x_wconf 91' lang='lat' dir='ltr'>bono</span> <span class='ocrx_word' id='word_1_221' title='bbox 1373 3004 1459 3085; x_wconf 89' lang='lat' dir='ltr'>pacis</span> <span class='ocrx_word' id='word_1_222' title='bbox 1480 3010 1511 3066; x_wconf 90' lang='lat' dir='ltr'>et</span> <span class='ocrx_word' id='word_1_223' title='bbox 1529 3023 1605 3068; x_wconf 91' lang='lat' dir='ltr'>cun-</span> 
     </span>
     <span class='ocr_line' id='line_1_27' title="bbox 295 3099 1605 3184; baseline 0.002 -20"><span class='ocrx_word' id='word_1_224' title='bbox 295 3103 399 3165; x_wconf 80' lang='lat' dir='ltr'>cordia</span> <span class='ocrx_word' id='word_1_225' title='bbox 438 3122 474 3164; x_wconf 89' lang='lat' dir='ltr'>nc</span> <span class='ocrx_word' id='word_1_226' title='bbox 517 3103 651 3165; x_wconf 88' lang='lat' dir='ltr'>utilitate</span> <span class='ocrx_word' id='word_1_227' title='bbox 683 3104 801 3184; x_wconf 84' lang='lat' dir='ltr'>prefato</span> <span class='ocrx_word' id='word_1_228' title='bbox 836 3102 967 3165; x_wconf 88' lang='lat' dir='ltr'>ecclesie</span> <span class='ocrx_word' id='word_1_229' title='bbox 1005 3101 1134 3183; x_wconf 90' lang='lat' dir='ltr'>opidum</span> <span class='ocrx_word' id='word_1_230' title='bbox 1175 3100 1379 3180; x_wconf 80' lang='lat' dir='ltr'>Ertordenso,</span> <span class='ocrx_word' id='word_1_231' title='bbox 1418 3099 1605 3184; x_wconf 88' lang='lat' dir='ltr'>Maguntiue</span> 
     </span>
     <span class='ocr_line' id='line_1_28' title="bbox 294 3197 1605 3284; baseline 0.001 -21"><span class='ocrx_word' id='word_1_232' title='bbox 294 3201 446 3281; x_wconf 89' lang='lat' dir='ltr'>diocesis,</span> <span class='ocrx_word' id='word_1_233' title='bbox 478 3199 564 3284; x_wconf 86' lang='lat' dir='ltr'>quod</span> <span class='ocrx_word' id='word_1_234' title='bbox 595 3199 635 3263; x_wconf 88' lang='lat' dir='ltr'>ad</span> <span class='ocrx_word' id='word_1_235' title='bbox 667 3220 809 3264; x_wconf 88' lang='lat' dir='ltr'>mensam</span> <span class='ocrx_word' id='word_1_236' title='bbox 837 3199 1133 3283; x_wconf 88' lang='lat' dir='ltr'>archiepiscopalem</span> <span class='ocrx_word' id='word_1_237' title='bbox 1164 3197 1385 3282; x_wconf 85' lang='lat' dir='ltr'>Maguntinanr</span> <span class='ocrx_word' id='word_1_238' title='bbox 1420 3198 1512 3282; x_wconf 89' lang='lat' dir='ltr'>pleno</span> <span class='ocrx_word' id='word_1_239' title='bbox 1535 3203 1605 3264; x_wconf 85' lang='lat' dir='ltr'>iure</span> 
     </span>
     <span class='ocr_line' id='line_1_29' title="bbox 295 3297 1605 3382; baseline 0.001 -23"><span class='ocrx_word' id='word_1_240' title='bbox 295 3300 472 3362; x_wconf 88' lang='lat' dir='ltr'>dinoscitur</span> <span class='ocrx_word' id='word_1_241' title='bbox 498 3300 668 3382; x_wconf 89' lang='lat' dir='ltr'>pertinere,</span> <span class='ocrx_word' id='word_1_242' title='bbox 694 3318 731 3360; x_wconf 89' lang='lat' dir='ltr'>ac</span> <span class='ocrx_word' id='word_1_243' title='bbox 756 3300 863 3361; x_wconf 91' lang='lat' dir='ltr'>omnia</span> <span class='ocrx_word' id='word_1_244' title='bbox 893 3300 963 3361; x_wconf 88' lang='lat' dir='ltr'>iura</span> <span class='ocrx_word' id='word_1_245' title='bbox 990 3303 1021 3361; x_wconf 89' lang='lat' dir='ltr'>et</span> <span class='ocrx_word' id='word_1_246' title='bbox 1047 3297 1281 3361; x_wconf 87' lang='lat' dir='ltr'>iurisdictiones</span> <span class='ocrx_word' id='word_1_247' title='bbox 1308 3299 1339 3359; x_wconf 95' lang='lat' dir='ltr'>in</span> <span class='ocrx_word' id='word_1_248' title='bbox 1368 3298 1436 3380; x_wconf 90' lang='lat' dir='ltr'>ipso</span> <span class='ocrx_word' id='word_1_249' title='bbox 1458 3299 1551 3380; x_wconf 92' lang='lat' dir='ltr'>opido</span> <span class='ocrx_word' id='word_1_250' title='bbox 1573 3304 1605 3361; x_wconf 93' lang='lat' dir='ltr'>et</span> 
     </span>
     <span class='ocr_line' id='line_1_30' title="bbox 295 3394 1603 3480; baseline 0 -20"><span class='ocrx_word' id='word_1_251' title='bbox 295 3399 364 3461; x_wconf 88' lang='lat' dir='ltr'>eius</span> <span class='ocrx_word' id='word_1_252' title='bbox 385 3397 528 3460; x_wconf 89' lang='lat' dir='ltr'>districtu</span> <span class='ocrx_word' id='word_1_253' title='bbox 550 3396 781 3479; x_wconf 88' lang='lat' dir='ltr'>archiepiscopo</span> <span class='ocrx_word' id='word_1_254' title='bbox 804 3395 990 3479; x_wconf 84' lang='lat' dir='ltr'>Maguntino</span> <span class='ocrx_word' id='word_1_255' title='bbox 1012 3416 1067 3474; x_wconf 88' lang='lat' dir='ltr'>pro</span> <span class='ocrx_word' id='word_1_256' title='bbox 1091 3401 1230 3480; x_wconf 87' lang='lat' dir='ltr'>ternpore</span> <span class='ocrx_word' id='word_1_257' title='bbox 1251 3397 1398 3458; x_wconf 85' lang='lat' dir='ltr'>existenti</span> <span class='ocrx_word' id='word_1_258' title='bbox 1421 3394 1541 3474; x_wconf 89' lang='lat' dir='ltr'>debita,</span> <span class='ocrx_word' id='word_1_259' title='bbox 1563 3397 1603 3460; x_wconf 89' lang='lat' dir='ltr'>ad</span> 
     </span>
     <span class='ocr_line' id='line_1_31' title="bbox 296 3493 1605 3578; baseline -0.001 -20"><span class='ocrx_word' id='word_1_260' title='bbox 296 3515 410 3559; x_wconf 88' lang='lat' dir='ltr'>manus</span> <span class='ocrx_word' id='word_1_261' title='bbox 432 3501 555 3558; x_wconf 88' lang='lat' dir='ltr'>nostras</span> <span class='ocrx_word' id='word_1_262' title='bbox 574 3501 605 3558; x_wconf 91' lang='lat' dir='ltr'>et</span> <span class='ocrx_word' id='word_1_263' title='bbox 626 3495 795 3578; x_wconf 88' lang='lat' dir='ltr'>apostolice</span> <span class='ocrx_word' id='word_1_264' title='bbox 825 3494 909 3558; x_wconf 89' lang='lat' dir='ltr'>sedis</span> <span class='ocrx_word' id='word_1_265' title='bbox 938 3513 977 3556; x_wconf 84' lang='lat' dir='ltr'>ex</span> <span class='ocrx_word' id='word_1_266' title='bbox 1005 3499 1089 3557; x_wconf 86' lang='lat' dir='ltr'>certa</span> <span class='ocrx_word' id='word_1_267' title='bbox 1111 3495 1241 3557; x_wconf 88' lang='lat' dir='ltr'>scientia</span> <span class='ocrx_word' id='word_1_268' title='bbox 1271 3495 1309 3556; x_wconf 89' lang='lat' dir='ltr'>de</span> <span class='ocrx_word' id='word_1_269' title='bbox 1330 3493 1499 3577; x_wconf 87' lang='lat' dir='ltr'>apostolice</span> <span class='ocrx_word' id='word_1_270' title='bbox 1519 3501 1605 3576; x_wconf 89' lang='lat' dir='ltr'>pute·</span> 
     </span>
     <span class='ocr_line' id='line_1_32' title="bbox 294 3593 1601 3676; baseline 0.002 -21"><span class='ocrx_word' id='word_1_271' title='bbox 294 3595 384 3656; x_wconf 90' lang='lat' dir='ltr'>statis</span> <span class='ocrx_word' id='word_1_272' title='bbox 407 3594 603 3676; x_wconf 87' lang='lat' dir='ltr'>plenitudine</span> <span class='ocrx_word' id='word_1_273' title='bbox 625 3599 735 3657; x_wconf 88' lang='lat' dir='ltr'>tenore</span> <span class='ocrx_word' id='word_1_274' title='bbox 754 3593 948 3676; x_wconf 87' lang='lat' dir='ltr'>presentium</span> <span class='ocrx_word' id='word_1_275' title='bbox 972 3593 1140 3676; x_wconf 90' lang='lat' dir='ltr'>recipimus</span> <span class='ocrx_word' id='word_1_276' title='bbox 1170 3593 1392 3675; x_wconf 82' lang='lat' dir='ltr'>seponimus,</span> <span class='ocrx_word' id='word_1_277' title='bbox 1419 3598 1451 3655; x_wconf 92' lang='lat' dir='ltr'>et</span> <span class='ocrx_word' id='word_1_278' title='bbox 1472 3593 1601 3676; x_wconf 88' lang='lat' dir='ltr'>opidum</span> 
     </span>
     <span class='ocr_line' id='line_1_33' title="bbox 294 3690 1603 3754; baseline -0.002 -1"><span class='ocrx_word' id='word_1_279' title='bbox 294 3712 331 3753; x_wconf 92' lang='lat' dir='ltr'>ac</span> <span class='ocrx_word' id='word_1_280' title='bbox 352 3693 421 3754; x_wconf 91' lang='lat' dir='ltr'>iura</span> <span class='ocrx_word' id='word_1_281' title='bbox 441 3697 472 3754; x_wconf 91' lang='lat' dir='ltr'>et</span> <span class='ocrx_word' id='word_1_282' title='bbox 491 3690 723 3754; x_wconf 89' lang='lat' dir='ltr'>iurisdictiones</span> <span class='ocrx_word' id='word_1_283' title='bbox 744 3691 926 3754; x_wconf 90' lang='lat' dir='ltr'>huiusmodi</span> <span class='ocrx_word' id='word_1_284' title='bbox 951 3691 988 3754; x_wconf 90' lang='lat' dir='ltr'>ad</span> <span class='ocrx_word' id='word_1_285' title='bbox 1011 3711 1126 3754; x_wconf 90' lang='lat' dir='ltr'>manus</span> <span class='ocrx_word' id='word_1_286' title='bbox 1147 3695 1272 3754; x_wconf 91' lang='lat' dir='ltr'>nostras</span> <span class='ocrx_word' id='word_1_287' title='bbox 1299 3695 1329 3753; x_wconf 88' lang='lat' dir='ltr'>et</span> <span class='ocrx_word' id='word_1_288' title='bbox 1351 3691 1493 3754; x_wconf 89' lang='lat' dir='ltr'>eiusdem</span> <span class='ocrx_word' id='word_1_289' title='bbox 1517 3690 1603 3752; x_wconf 84' lang='lat' dir='ltr'>sedis</span> 
     </span>
     <span class='ocr_line' id='line_1_34' title="bbox 294 3788 1604 3872; baseline 0 -21"><span class='ocrx_word' id='word_1_290' title='bbox 294 3790 495 3852; x_wconf 88' lang='lat' dir='ltr'>decernimus</span> <span class='ocrx_word' id='word_1_291' title='bbox 523 3789 699 3869; x_wconf 89' lang='lat' dir='ltr'>retinenda,</span> <span class='ocrx_word' id='word_1_292' title='bbox 728 3788 827 3852; x_wconf 88' lang='lat' dir='ltr'>donec</span> <span class='ocrx_word' id='word_1_293' title='bbox 854 3808 950 3872; x_wconf 89' lang='lat' dir='ltr'>super</span> <span class='ocrx_word' id='word_1_294' title='bbox 977 3789 1035 3850; x_wconf 91' lang='lat' dir='ltr'>hoc</span> <span class='ocrx_word' id='word_1_295' title='bbox 1063 3789 1148 3852; x_wconf 90' lang='lat' dir='ltr'>alind</span> <span class='ocrx_word' id='word_1_296' title='bbox 1172 3789 1360 3852; x_wconf 86' lang='lat' dir='ltr'>duxerimus</span> <span class='ocrx_word' id='word_1_297' title='bbox 1379 3789 1604 3852; x_wconf 89' lang='lat' dir='ltr'>ordinandum.</span> 
     </span>
     <span class='ocr_line' id='line_1_35' title="bbox 294 3887 1605 3970; baseline -0.002 -20"><span class='ocrx_word' id='word_1_298' title='bbox 294 3887 382 3951; x_wconf 91' lang='lat' dir='ltr'>Nulli</span> <span class='ocrx_word' id='word_1_299' title='bbox 415 3907 489 3970; x_wconf 89' lang='lat' dir='ltr'>crgo</span> <span class='ocrx_word' id='word_1_300' title='bbox 520 3889 650 3951; x_wconf 89' lang='lat' dir='ltr'>omnino</span> <span class='ocrx_word' id='word_1_301' title='bbox 683 3888 850 3952; x_wconf 88' lang='lat' dir='ltr'>bominum</span> <span class='ocrx_word' id='word_1_302' title='bbox 882 3887 974 3951; x_wconf 88' lang='lat' dir='ltr'>liceat</span> <span class='ocrx_word' id='word_1_303' title='bbox 1001 3888 1081 3950; x_wconf 89' lang='lat' dir='ltr'>hanc</span> <span class='ocrx_word' id='word_1_304' title='bbox 1110 3889 1255 3970; x_wconf 83' lang='lat' dir='ltr'>paginam</span> <span class='ocrx_word' id='word_1_305' title='bbox 1280 3892 1386 3950; x_wconf 89' lang='lat' dir='ltr'>nostre</span> <span class='ocrx_word' id='word_1_306' title='bbox 1407 3887 1605 3969; x_wconf 88' lang='lat' dir='ltr'>receptionis,</span> 
     </span>
     <span class='ocr_line' id='line_1_36' title="bbox 294 3984 1604 4070; baseline 0.002 -24"><span class='ocrx_word' id='word_1_307' title='bbox 294 3987 459 4070; x_wconf 87' lang='lat' dir='ltr'>positionis</span> <span class='ocrx_word' id='word_1_308' title='bbox 492 3991 523 4049; x_wconf 92' lang='lat' dir='ltr'>et</span> <span class='ocrx_word' id='word_1_309' title='bbox 545 3987 779 4050; x_wconf 86' lang='lat' dir='ltr'>constitutionis</span> <span class='ocrx_word' id='word_1_310' title='bbox 805 3987 978 4066; x_wconf 81' lang='lat' dir='ltr'>intringere</span> <span class='ocrx_word' id='word_1_311' title='bbox 1007 3984 1055 4046; x_wconf 85' lang='lat' dir='ltr'>vel</span> <span class='ocrx_word' id='word_1_312' title='bbox 1084 3986 1111 4047; x_wconf 90' lang='lat' dir='ltr'>ei</span> <span class='ocrx_word' id='word_1_313' title='bbox 1141 4005 1223 4048; x_wconf 90' lang='lat' dir='ltr'>ausu</span> <span class='ocrx_word' id='word_1_314' title='bbox 1250 3985 1415 4048; x_wconf 87' lang='lat' dir='ltr'>temerario</span> <span class='ocrx_word' id='word_1_315' title='bbox 1437 3985 1604 4048; x_wconf 87' lang='lat' dir='ltr'>contraire.</span> 
     </span>
     <span class='ocr_line' id='line_1_37' title="bbox 294 4083 1605 4168; baseline -0.002 -21"><span class='ocrx_word' id='word_1_316' title='bbox 294 4083 325 4147; x_wconf 82' lang='lat' dir='ltr'>Si</span> <span class='ocrx_word' id='word_1_317' title='bbox 349 4086 421 4167; x_wconf 78' lang='lat' dir='ltr'>(pris</span> <span class='ocrx_word' id='word_1_318' title='bbox 443 4091 547 4147; x_wconf 89' lang='lat' dir='ltr'>autem</span> <span class='ocrx_word' id='word_1_319' title='bbox 572 4085 630 4147; x_wconf 88' lang='lat' dir='ltr'>hoc</span> <span class='ocrx_word' id='word_1_320' title='bbox 650 4090 834 4168; x_wconf 88' lang='lat' dir='ltr'>attemptare</span> <span class='ocrx_word' id='word_1_321' title='bbox 850 4085 1085 4167; x_wconf 83' lang='lat' dir='ltr'>presumpserit,</span> <span class='ocrx_word' id='word_1_322' title='bbox 1107 4083 1356 4161; x_wconf 84' lang='lat' dir='ltr'>indignationem</span> <span class='ocrx_word' id='word_1_323' title='bbox 1378 4083 1605 4164; x_wconf 88' lang='lat' dir='ltr'>omnipotentis</span> 
     </span>
     <span class='ocr_line' id='line_1_38' title="bbox 296 4180 1601 4266; baseline -0.002 -21"><span class='ocrx_word' id='word_1_324' title='bbox 296 4180 354 4245; x_wconf 90' lang='lat' dir='ltr'>Dei</span> <span class='ocrx_word' id='word_1_325' title='bbox 376 4188 407 4244; x_wconf 91' lang='lat' dir='ltr'>et</span> <span class='ocrx_word' id='word_1_326' title='bbox 428 4180 589 4245; x_wconf 85' lang='lat' dir='ltr'>beatorum</span> <span class='ocrx_word' id='word_1_327' title='bbox 608 4181 692 4245; x_wconf 90' lang='lat' dir='ltr'>Petri</span> <span class='ocrx_word' id='word_1_328' title='bbox 714 4191 744 4246; x_wconf 90' lang='lat' dir='ltr'>et</span> <span class='ocrx_word' id='word_1_329' title='bbox 765 4183 858 4245; x_wconf 89' lang='lat' dir='ltr'>Pauli</span> <span class='ocrx_word' id='word_1_330' title='bbox 879 4182 1092 4266; x_wconf 89' lang='lat' dir='ltr'>apostolorum</span> <span class='ocrx_word' id='word_1_331' title='bbox 1115 4183 1184 4245; x_wconf 90' lang='lat' dir='ltr'>eins</span> <span class='ocrx_word' id='word_1_332' title='bbox 1205 4183 1601 4244; x_wconf 84' lang='lat' dir='ltr'>senoveritinrursnrum.</span> 
     </span>
     <span class='ocr_line' id='line_1_39' title="bbox 294 4278 1526 4363; baseline -0.002 -22"><span class='ocrx_word' id='word_1_333' title='bbox 294 4278 411 4342; x_wconf 89' lang='lat' dir='ltr'>Datum</span> <span class='ocrx_word' id='word_1_334' title='bbox 434 4281 594 4342; x_wconf 82' lang='lat' dir='ltr'>Arinione</span> <span class='ocrx_word' id='word_1_335' title='bbox 617 4279 685 4342; x_wconf 87' lang='lat' dir='ltr'>Vll.</span> <span class='ocrx_word' id='word_1_336' title='bbox 707 4281 784 4344; x_wconf 89' lang='lat' dir='ltr'>Idus</span> <span class='ocrx_word' id='word_1_337' title='bbox 806 4280 959 4360; x_wconf 82' lang='lat' dir='ltr'>Ianuarii,</span> <span class='ocrx_word' id='word_1_338' title='bbox 980 4279 1181 4363; x_wconf 83' lang='lat' dir='ltr'>pontificatus</span> <span class='ocrx_word' id='word_1_339' title='bbox 1203 4281 1301 4341; x_wconf 89' lang='lat' dir='ltr'>nostri</span> <span class='ocrx_word' id='word_1_340' title='bbox 1323 4298 1406 4342; x_wconf 91' lang='lat' dir='ltr'>anno</span> <span class='ocrx_word' id='word_1_341' title='bbox 1429 4287 1526 4341; x_wconf 83' lang='lat' dir='ltr'>sexto.</span> 
     </span>
    </p>
   </div>
   <div class='ocr_carea' id='block_1_8' title="bbox 0 0 1768 5209">
    <p class='ocr_par' dir='ltr' id='par_1_8' title="bbox 0 0 1768 5209">
     <span class='ocr_line' id='line_1_40' title="bbox 0 0 1768 5209; baseline 0 1"><span class='ocrx_word' id='word_1_342' title='bbox 0 0 1768 5209; x_wconf 95' lang='lat' dir='ltr'> </span> 
     </span>
    </p>
   </div>
  </div>
 </body>
</html>
