3525 5209
277 374 312 429 54
670 370 945 445 Geschichtsquelleu
962 372 1012 427 der
1029 372 1110 427 Prov.
1124 372 1256 430 Sachsen.

278 525 479 607 contingeret,
500 523 559 587 hoo
579 522 675 587 libere
696 524 797 587 lacere
817 525 931 607 poterit
951 529 982 587 et
1002 524 1126 587 debebit
1145 543 1182 587 eo
1201 526 1283 602 iure,
1308 544 1371 605 quo
1388 525 1456 607 ipse
1472 524 1582 587 eadem

278 642 297 684 a
321 620 411 685 uobis
432 641 531 695 nuno,
552 627 589 684 ut
608 623 807 704 premittitur,
828 624 905 685 emit
925 629 955 685 et
974 622 1020 685 illi
1041 627 1197 705 emptores
1217 641 1254 684 eo
1274 624 1343 705 ipso
1364 623 1441 695 iure,
1464 642 1527 704 quo
1549 628 1581 684 et

280 720 363 783 idem
393 720 538 784 venditor
559 739 632 783 oum
654 720 741 782 omni
763 720 876 789 forma.
898 720 1004 797 modo,
1024 717 1273 792 condicionibus,
1294 721 1393 802 pactis
1413 727 1445 782 et
1466 738 1584 782 renun-

279 816 474 880 ciacionibus
502 817 690 902 supradictis
718 817 832 881 debent
859 818 957 880 libero
986 826 1016 879 ct
1044 817 1171 899 pacifice
1195 817 1304 879 eadem
1326 818 1493 899 possidere.
1547 816 1584 878 ln

279 916 498 980 testimonium
521 934 578 978 seu
600 916 630 977 in
654 916 848 979 evidenciam
870 916 1098 999 premissorum
1124 916 1267 978 omnium
1287 917 1450 978 certiorem
1480 923 1587 978 nostra

280 1013 382 1097 sigilla
409 1013 562 1076 duximus
588 1012 788 1096 presentibus
815 1013 1008 1096 apponenda.
1061 1010 1167 1075 Testes
1194 1013 1292 1075 huius
1318 1021 1410 1076 sunt:
1442 1012 1586 1076 Lutolfus

280 1112 320 1175 de
340 1110 509 1190 Alrestete,
535 1108 743 1175 Theodericus
764 1110 984 1173 vicedominus
1006 1108 1044 1172 de
1065 1109 1222 1193 Appolde,
1243 1110 1394 1175 Albertus
1421 1110 1459 1173 de
1480 1108 1587 1187 Deyn·

281 1214 374 1288 stete,
396 1206 602 1272 Hermannus
630 1208 668 1271 de
694 1208 854 1289 leynfelt,
880 1207 983 1270 Oralto
1009 1207 1048 1269 de
1080 1206 1194 1270 llunre
1221 1208 1324 1271 dictus
1352 1208 1495 1291 Hopelep'
1527 1210 1587 1270 viri

282 1308 402 1371 strenui
431 1312 461 1369 et
487 1306 619 1385 milites,
651 1304 857 1369 Hermannus
888 1305 926 1369 de
948 1304 1145 1385 Eychelborn
1174 1305 1328 1389 plebanus
1361 1308 1394 1368 in
1419 1306 1587 1368 Botelstete

186 1464 189 1472 i
281 1410 388 1469 uester
415 1404 573 1480 notarius,
599 1402 760 1467 Henricus
787 1408 894 1465 noster
918 1402 1071 1465 scultetus
1100 1403 1204 1465 dictus
1240 1404 1278 1467 do
1305 1402 1463 1466 Dratstete
1490 1404 1588 1465 nostri

281 1501 399 1581 fideles,
421 1498 969 1579 0011111111Ηο1111111,Η111111111
990 1499 1029 1561 de
1052 1498 1229 1564 Wilrestete
1250 1510 1281 1564 et
1294 1501 1463 1565 Vrowinus
1484 1501 1587 1563 dictus

281 1598 419 1663 Trenlrer
461 1600 546 1661 cives
578 1596 784 1661 Erfordenses
816 1604 847 1659 et
879 1618 974 1680 quam
1010 1597 1117 1679 plures
1147 1598 1201 1661 alii
1234 1598 1295 1661 fido
1322 1599 1417 1679 digni.
1466 1597 1587 1661 Datum

282 1716 367 1760 anno
394 1694 523 1759 Domini
557 1695 725 1759 millesimo
756 1696 976 1759 trecentesimo
1010 1695 1159 1759 vicesimo
1189 1714 1291 1774 nono,
1314 1695 1345 1757 in
1378 1695 1485 1777 vigilia
1506 1694 1589 1757 beati

283 1792 435 1857 Iohannis
455 1793 596 1876 baptiste.

284 1994 397 2079 1329.
427 1996 678 2096 September
705 1993 765 2076 13.
792 1992 1050 2089 1101111111.
1522 1994 1588 2076 18.

385 2146 551 2225 Heinrich,
579 2146 760 2228 1111ϋί111101
788 2146 961 2222 0011οὄ10,
990 2146 1059 2208 aad
1087 2146 1589 2226 (111111111111110111111111111

385 2244 677 2325 Revollmdchtipten
693 2244 940 2323 oerb'ffentlichen
956 2244 1480 2307 1111111111111111111111100111111111
1497 2264 1591 2324 peperi

385 2344 565 2424 1111910111
576 2342 702 2406 Anaahl
716 2362 774 2405 von
785 2342 936 2422 Erfurter
953 2342 1023 2403 rond
1044 2341 1274 2420 ilriiriapischca
1289 2340 1477 2404 Geistlichen
1490 2362 1590 2420 crepon

386 2440 709 2521 Nicdtunerkonnuuy
730 2440 784 2503 des
805 2440 1004 2521 Erzbischofs
1025 2438 1178 2501 Heinrich
1202 2460 1261 2500 oon
1282 2438 1406 2502 Maiae.

439 2576 483 2633 Or.
502 2577 539 2628 im
559 2574 672 2643 119111,
693 2576 727 2627 A.
746 2592 780 2627 zu
800 2574 946 2629 Mamaea.
992 2572 1018 2628 S.
1033 2574 1058 2625 (1,
1097 2573 1147 2625 Ala
1168 2574 1295 2641 1111111111
1320 2574 1356 2626 ist
1378 2574 1526 2643 arapchetiet
1549 2574 1592 2628 die

484 2644 605 2715 folpende
628 2644 755 2699 Urhunde
775 2644 871 2697 11184
891 2646 941 2697 mit
961 2646 987 2696 S.

366 2768 550 2843 Heinrieus,
581 2766 639 2830 Dei
667 2770 768 2851 gratia
804 2774 912 2829 sancte
934 2766 1129 2829 Coloniensis
1166 2768 1296 2829 ecclesie
1326 2768 1588 2850 archiepiscopus,

287 2868 367 2931 sacri
394 2868 519 2950 imperii
545 2886 599 2948 per
619 2864 756 2928 Ytaliam
785 2865 1090 2943 archicancellarius,
1118 2886 1154 2927 ac
1176 2864 1383 2943 Eminercho,
1412 2868 1592 2948 prepositus

287 2964 418 3030 ecclesie
439 2962 620 3027 Zellicensis
642 2962 838 3025 Coloniensis
860 2962 1009 3041 diocesis,
1040 2984 1102 3025 una
1123 2983 1196 3025 cum
1219 2963 1391 3025 reverendo
1413 2964 1444 3024 in
1467 2962 1589 3026 Christo

287 3069 427 3147 petreae
445 3062 581 3139 domino,
593 3062 753 3123 domino..
766 3062 911 3143 episcopo
930 3059 1103 3127 leodiensi.
1114 3068 1220 3123 nostro
1239 3060 1270 3122 in
1288 3060 1345 3123 hac
1363 3067 1450 3143 parte
1467 3061 1594 3142 collega,

289 3159 434 3224 videlicet
456 3179 550 3243 super
573 3159 679 3241 gracia
698 3167 729 3220 et
748 3158 929 3241 provisione
950 3177 1006 3240 per
1026 3160 1262 3221 sanctissimum
1284 3159 1317 3220 in
1337 3156 1459 3220 Christo
1473 3167 1592 3241 patrem

287 3278 324 3321 ao
356 3257 537 3326 dominum,
569 3257 734 3319 dominum
761 3255 949 3333 Iohannem,
981 3256 1089 3319 divina
1119 3256 1321 3339 providencia
1347 3275 1459 3339 papam
1482 3254 1593 3335 XXII,

288 3356 460 3419 reverendo
482 3356 512 3417 in
537 3354 659 3417 Christo
682 3355 760 3437 patri
787 3372 823 3415 ac
848 3352 991 3431 domine,
1020 3354 1149 3417 domino
1168 3352 1334 3432 Heinrico,
1361 3356 1593 3437 archiepiscopo

289 3452 535 3536 Maguntiuensi,
556 3452 595 3514 de
616 3452 883 3534 archiepiscopatu
909 3450 1145 3534 llaguutinensi
1167 3451 1248 3515 iacta
1268 3472 1341 3515 cum
1363 3452 1417 3515 illa
1437 3453 1593 3517 clausula:

289 3556 471 3634 „quatenns
493 3570 548 3612 vos
572 3550 620 3611 vel
643 3550 705 3612 duo
727 3557 783 3611 aut
804 3569 891 3612 unus
911 3558 1053 3612 vestrum
1081 3569 1136 3632 per
1157 3570 1212 3612 vos
1241 3550 1290 3611 vel
1313 3550 1411 3613 alium
1433 3570 1489 3613 seu
1517 3552 1594 3615 alios

287 3656 318 3713 et
330 3650 463 3725 111111,ιι
486 3654 671 3711 executores
692 3646 867 3729 specialiter
888 3647 1036 3729 deputati,
1058 3646 1295 3711 honorabilibus
1313 3657 1344 3711 et
1359 3649 1501 3711 diseretis
1519 3651 1595 3711 viris

288 3744 469 3823 abbatibus,
507 3745 686 3828 prepositis,
726 3746 866 3820 decaniS,
899 3744 1102 3820 officialibus,
1133 3745 1414 3829 archipresbiteris,
1445 3746 1596 3829 plebanis,

288 3844 498 3927 vicoplebanis
520 3862 556 3905 ac
576 3843 709 3905 aliarum
727 3844 931 3905 ecclesiarum
949 3863 1006 3906 seu
1025 3843 1215 3926 capellarum
1230 3843 1404 3907 rectoribus
1420 3847 1595 3927 ceterisque

288 3942 412 4005 clericis
435 3947 498 4005 tam
522 3940 676 4024 religiosis
699 3960 793 4023 quam
817 3939 1021 4019 secularibus
1042 3942 1264 4025 cuiuscunque
1285 3942 1412 4019 ordinis,
1433 3952 1533 4006 status
1546 3944 1594 4006 vel

293 4040 490 4103 condicionis
512 4040 670 4118 existunt,
689 4058 745 4121 per
766 4040 938 4114 civitatem,
960 4039 1129 4114 diocesem,
1151 4041 1344 4122 provinciam
1367 4049 1397 4101 et
1418 4050 1506 4102 extra
1528 4062 1598 4123 pro-

289 4138 427 4201 vinciam
459 4136 735 4220 Maguntinensem
771 4138 951 4199 constitutis
977 4136 1110 4199 salutem
1146 4139 1180 4199 in
1208 4136 1345 4199 Domino
1377 4145 1408 4199 et
1438 4141 1594 4202 mandatis

289 4237 413 4315 nostris,
436 4236 533 4299 immo
560 4236 667 4298 verius
686 4235 873 4317 apostolicis,
896 4234 1028 4297 firmiter
1050 4234 1185 4297 obedire.
1228 4233 1308 4298 Cum
1331 4237 1391 4297 iam
1416 4236 1537 4299 dudum
1559 4239 1594 4299 in

289 4332 478 4416 quibusdam
506 4334 604 4395 literis
633 4334 748 4395 nostris
779 4334 811 4393 in
845 4334 971 4395 civitate
998 4330 1236 4415 Maguntiuensi
1266 4341 1295 4395 et
1316 4332 1459 4396 Ertordie
1488 4354 1593 4397 coram

288 4432 414 4515 copiosa
435 4430 637 4494 multitudiue
657 4430 841 4493 clericorum
864 4438 894 4492 et
909 4428 1063 4493 laicorum
1079 4430 1197 4513 pluries
1211 4438 1241 4493 et
1258 4432 1473 4509 sollempniter
1490 4433 1593 4515 publi-

288 4530 367 4592 catis
389 4530 571 4591 auctoritate
593 4528 768 4611 apostolica,
790 4548 853 4607 qua
875 4528 1088 4613 fungebamur
1107 4536 1137 4593 et
1164 4529 1341 4612 fungimur,
1373 4532 1593 4595 monuerimus
