<?xml version="1.0" encoding="UTF-8"?>
<!DOCTYPE html PUBLIC "-//W3C//DTD XHTML 1.0 Transitional//EN"
    "http://www.w3.org/TR/xhtml1/DTD/xhtml1-transitional.dtd">
<html xmlns="http://www.w3.org/1999/xhtml" xml:lang="en" lang="en">
 <head>
  <title>
</title>
<meta http-equiv="Content-Type" content="text/html;charset=utf-8" />
  <meta name='ocr-system' content='tesseract 3.04.00' />
  <meta name='ocr-capabilities' content='ocr_page ocr_carea ocr_par ocr_line ocrx_word'/>
</head>
<body>
  <div class='ocr_page' id='page_1' title='image "./urkundenbuchder04sachgoog_0069.png"; bbox 0 0 3525 5209; ppageno 0'>
   <div class='ocr_carea' id='block_1_1' title="bbox 256 320 1201 392">
    <p class='ocr_par' dir='ltr' id='par_1_1' title="bbox 256 320 1201 392">
     <span class='ocr_line' id='line_1_1' title="bbox 256 320 1201 392; baseline 0.003 -16"><span class='ocrx_word' id='word_1_1' title='bbox 256 324 289 377; x_wconf 87' lang='grc'><strong>56</strong></span> <span class='ocrx_word' id='word_1_2' title='bbox 619 320 893 392; x_wconf 87' lang='lat' dir='ltr'><strong>Geschichtsquellen</strong></span> <span class='ocrx_word' id='word_1_3' title='bbox 911 320 960 377; x_wconf 89' lang='lat' dir='ltr'><strong>der</strong></span> <span class='ocrx_word' id='word_1_4' title='bbox 978 320 1058 379; x_wconf 82' lang='lat' dir='ltr'><strong>Prov.</strong></span> <span class='ocrx_word' id='word_1_5' title='bbox 1069 321 1201 379; x_wconf 74' lang='lat' dir='ltr'><strong>Saeuam.</strong></span> 
     </span>
    </p>
   </div>
   <div class='ocr_carea' id='block_1_2' title="bbox 254 472 1563 1047">
    <p class='ocr_par' dir='ltr' id='par_1_2' title="bbox 254 472 1563 1047">
     <span class='ocr_line' id='line_1_2' title="bbox 255 472 1563 555; baseline 0 -20"><span class='ocrx_word' id='word_1_6' title='bbox 255 478 411 555; x_wconf 88' lang='lat' dir='ltr'><strong>parerent,</strong></span> <span class='ocrx_word' id='word_1_7' title='bbox 434 478 551 537; x_wconf 80' lang='lat' dir='ltr'>extunc</span> <span class='ocrx_word' id='word_1_8' title='bbox 572 473 910 535; x_wconf 76' lang='lat' dir='ltr'><strong>excommunicationis</strong></span> <span class='ocrx_word' id='word_1_9' title='bbox 931 474 1095 551; x_wconf 77' lang='lat' dir='ltr'><strong>sententie,</strong></span> <span class='ocrx_word' id='word_1_10' title='bbox 1117 492 1214 555; x_wconf 86' lang='lat' dir='ltr'><strong>quam</strong></span> <span class='ocrx_word' id='word_1_11' title='bbox 1235 472 1317 535; x_wconf 90' lang='lat' dir='ltr'><strong>idem</strong></span> <span class='ocrx_word' id='word_1_12' title='bbox 1341 473 1563 536; x_wconf 86' lang='lat' dir='ltr'><strong>sanctissimus</strong></span> 
     </span>
     <span class='ocr_line' id='line_1_3' title="bbox 254 568 1563 653; baseline 0.001 -20"><span class='ocrx_word' id='word_1_13' title='bbox 254 573 286 633; x_wconf 93' lang='lat' dir='ltr'><strong>in</strong></span> <span class='ocrx_word' id='word_1_14' title='bbox 316 568 438 633; x_wconf 82' lang='lat' dir='ltr'><strong>Christo</strong></span> <span class='ocrx_word' id='word_1_15' title='bbox 465 578 554 653; x_wconf 85' lang='lat' dir='ltr'><strong>pater</strong></span> <span class='ocrx_word' id='word_1_16' title='bbox 582 578 613 633; x_wconf 92' lang='lat' dir='ltr'><strong>et</strong></span> <span class='ocrx_word' id='word_1_17' title='bbox 640 570 788 633; x_wconf 89' lang='lat' dir='ltr'><strong>dominus</strong></span> <span class='ocrx_word' id='word_1_18' title='bbox 821 577 928 633; x_wconf 89' lang='lat' dir='ltr'><strong>noster</strong></span> <span class='ocrx_word' id='word_1_19' title='bbox 960 590 1041 653; x_wconf 86' lang='lat' dir='ltr'><strong>papa</strong></span> <span class='ocrx_word' id='word_1_20' title='bbox 1066 574 1177 634; x_wconf 86' lang='lat' dir='ltr'><strong>contra</strong></span> <span class='ocrx_word' id='word_1_21' title='bbox 1204 588 1257 633; x_wconf 90' lang='lat' dir='ltr'><strong>eos</strong></span> <span class='ocrx_word' id='word_1_22' title='bbox 1283 571 1318 633; x_wconf 93' lang='lat' dir='ltr'><strong>in</strong></span> <span class='ocrx_word' id='word_1_23' title='bbox 1345 569 1457 633; x_wconf 84' lang='lat' dir='ltr'><strong>litteris</strong></span> <span class='ocrx_word' id='word_1_24' title='bbox 1494 572 1563 635; x_wconf 90' lang='lat' dir='ltr'><strong>suis</strong></span> 
     </span>
     <span class='ocr_line' id='line_1_4' title="bbox 256 666 1562 751; baseline 0 -19"><span class='ocrx_word' id='word_1_25' title='bbox 256 668 434 751; x_wconf 88' lang='lat' dir='ltr'><strong>apostolicis</strong></span> <span class='ocrx_word' id='word_1_26' title='bbox 456 666 667 751; x_wconf 83' lang='lat' dir='ltr'><strong>promulgavit</strong></span> <span class='ocrx_word' id='word_1_27' title='bbox 683 672 713 730; x_wconf 90' lang='lat' dir='ltr'><strong>et</strong></span> <span class='ocrx_word' id='word_1_28' title='bbox 727 669 812 750; x_wconf 92' lang='lat' dir='ltr'><strong>ipsos</strong></span> <span class='ocrx_word' id='word_1_29' title='bbox 828 667 946 730; x_wconf 88' lang='lat' dir='ltr'><strong>eisdem</strong></span> <span class='ocrx_word' id='word_1_30' title='bbox 968 667 1131 729; x_wconf 87' lang='lat' dir='ltr'><strong>subiacere</strong></span> <span class='ocrx_word' id='word_1_31' title='bbox 1149 668 1250 730; x_wconf 89' lang='lat' dir='ltr'><strong>voluit</strong></span> <span class='ocrx_word' id='word_1_32' title='bbox 1268 668 1336 749; x_wconf 91' lang='lat' dir='ltr'><strong>ipso</strong></span> <span class='ocrx_word' id='word_1_33' title='bbox 1357 667 1447 747; x_wconf 88' lang='lat' dir='ltr'><strong>iacto,</strong></span> <span class='ocrx_word' id='word_1_34' title='bbox 1468 673 1562 751; x_wconf 85' lang='lat' dir='ltr'><strong>prout</strong></span> 
     </span>
     <span class='ocr_line' id='line_1_5' title="bbox 256 764 1561 848; baseline -0.001 -18"><span class='ocrx_word' id='word_1_35' title='bbox 256 768 313 830; x_wconf 92' lang='lat' dir='ltr'><strong>hec</strong></span> <span class='ocrx_word' id='word_1_36' title='bbox 334 768 417 829; x_wconf 83' lang='lat' dir='ltr'><strong>inter</strong></span> <span class='ocrx_word' id='word_1_37' title='bbox 436 765 497 827; x_wconf 89' lang='lat' dir='ltr'><strong>alia</strong></span> <span class='ocrx_word' id='word_1_38' title='bbox 518 766 551 827; x_wconf 92' lang='lat' dir='ltr'><strong>in</strong></span> <span class='ocrx_word' id='word_1_39' title='bbox 573 765 719 848; x_wconf 83' lang='lat' dir='ltr'><strong>predictis</strong></span> <span class='ocrx_word' id='word_1_40' title='bbox 749 766 863 827; x_wconf 90' lang='lat' dir='ltr'><strong>nostris</strong></span> <span class='ocrx_word' id='word_1_41' title='bbox 894 765 1005 827; x_wconf 86' lang='lat' dir='ltr'><strong>litteris</strong></span> <span class='ocrx_word' id='word_1_42' title='bbox 1035 772 1066 827; x_wconf 91' lang='lat' dir='ltr'><strong>et</strong></span> <span class='ocrx_word' id='word_1_43' title='bbox 1091 765 1292 847; x_wconf 85' lang='lat' dir='ltr'><strong>processibus</strong></span> <span class='ocrx_word' id='word_1_44' title='bbox 1313 764 1438 847; x_wconf 89' lang='lat' dir='ltr'><strong>plenius</strong></span> <span class='ocrx_word' id='word_1_45' title='bbox 1462 767 1561 829; x_wconf 86' lang='lat' dir='ltr'><strong>conti·</strong></span> 
     </span>
     <span class='ocr_line' id='line_1_6' title="bbox 256 860 1560 946; baseline -0.002 -17"><span class='ocrx_word' id='word_1_46' title='bbox 256 872 382 930; x_wconf 89' lang='lat' dir='ltr'><strong>nentur.</strong></span> <span class='ocrx_word' id='word_1_47' title='bbox 424 862 540 927; x_wconf 86' lang='lat' dir='ltr'><strong>Tamen</strong></span> <span class='ocrx_word' id='word_1_48' title='bbox 562 862 768 927; x_wconf 86' lang='lat' dir='ltr'><strong>Hermannns</strong></span> <span class='ocrx_word' id='word_1_49' title='bbox 790 862 828 926; x_wconf 90' lang='lat' dir='ltr'><strong>da</strong></span> <span class='ocrx_word' id='word_1_50' title='bbox 849 861 966 925; x_wconf 77' lang='lat' dir='ltr'><strong>Bibere</strong></span> <span class='ocrx_word' id='word_1_51' title='bbox 987 882 1041 946; x_wconf 89' lang='lat' dir='ltr'><strong>pro</strong></span> <span class='ocrx_word' id='word_1_52' title='bbox 1063 862 1182 925; x_wconf 88' lang='lat' dir='ltr'><strong>decano</strong></span> <span class='ocrx_word' id='word_1_53' title='bbox 1204 882 1238 927; x_wconf 89' lang='lat' dir='ltr'><strong>se</strong></span> <span class='ocrx_word' id='word_1_54' title='bbox 1258 882 1381 946; x_wconf 85' lang='lat' dir='ltr'><strong>gerens,</strong></span> <span class='ocrx_word' id='word_1_55' title='bbox 1401 860 1560 927; x_wconf 87' lang='lat' dir='ltr'><strong>Iohannes</strong></span> 
     </span>
     <span class='ocr_line' id='line_1_7' title="bbox 258 958 1561 1047; baseline -0.002 -20"><span class='ocrx_word' id='word_1_56' title='bbox 258 966 296 1029; x_wconf 93' lang='lat' dir='ltr'><strong>de</strong></span> <span class='ocrx_word' id='word_1_57' title='bbox 309 964 422 1047; x_wconf 81' lang='lat' dir='ltr'><strong>Aqola,</strong></span> <span class='ocrx_word' id='word_1_58' title='bbox 435 960 640 1025; x_wconf 88' lang='lat' dir='ltr'><strong>Hermannus</strong></span> <span class='ocrx_word' id='word_1_59' title='bbox 658 961 696 1023; x_wconf 90' lang='lat' dir='ltr'><strong>de</strong></span> <span class='ocrx_word' id='word_1_60' title='bbox 707 960 796 1038; x_wconf 81' lang='lat' dir='ltr'><strong>Alch,</strong></span> <span class='ocrx_word' id='word_1_61' title='bbox 816 958 972 1024; x_wconf 85' lang='lat' dir='ltr'><strong>Ernestus</strong></span> <span class='ocrx_word' id='word_1_62' title='bbox 988 960 1027 1023; x_wconf 93' lang='lat' dir='ltr'><strong>de</strong></span> <span class='ocrx_word' id='word_1_63' title='bbox 1038 959 1210 1023; x_wconf 83' lang='lat' dir='ltr'><strong>Molhusen</strong></span> <span class='ocrx_word' id='word_1_64' title='bbox 1229 969 1345 1038; x_wconf 87' lang='lat' dir='ltr'><strong>custos,</strong></span> <span class='ocrx_word' id='word_1_65' title='bbox 1366 960 1561 1025; x_wconf 86' lang='lat' dir='ltr'><strong>Wolframos</strong></span> 
     </span>
    </p>
   </div>
   <div class='ocr_carea' id='block_1_3' title="bbox 254 1056 1564 4568">
    <p class='ocr_par' dir='ltr' id='par_1_3' title="bbox 254 1056 1564 4568">
     <span class='ocr_line' id='line_1_8' title="bbox 256 1056 1561 1137; baseline -0.005 -10"><span class='ocrx_word' id='word_1_66' title='bbox 256 1063 294 1127; x_wconf 92' lang='lat' dir='ltr'><strong>de</strong></span> <span class='ocrx_word' id='word_1_67' title='bbox 309 1061 533 1135; x_wconf 79' lang='lat' dir='ltr'><strong>Franhenvort,</strong></span> <span class='ocrx_word' id='word_1_68' title='bbox 544 1058 734 1122; x_wconf 86' lang='lat' dir='ltr'><strong>Ludowicus</strong></span> <span class='ocrx_word' id='word_1_69' title='bbox 751 1058 789 1120; x_wconf 92' lang='lat' dir='ltr'><strong>de</strong></span> <span class='ocrx_word' id='word_1_70' title='bbox 803 1056 983 1133; x_wconf 88' lang='lat' dir='ltr'><strong>Mehebach,</strong></span> <span class='ocrx_word' id='word_1_71' title='bbox 1004 1056 1150 1137; x_wconf 71' lang='lat' dir='ltr'><strong>Spiridus</strong></span> <span class='ocrx_word' id='word_1_72' title='bbox 1167 1058 1206 1121; x_wconf 91' lang='lat' dir='ltr'><strong>de</strong></span> <span class='ocrx_word' id='word_1_73' title='bbox 1222 1056 1334 1135; x_wconf 89' lang='lat' dir='ltr'><strong>Hallis,</strong></span> <span class='ocrx_word' id='word_1_74' title='bbox 1353 1058 1561 1121; x_wconf 85' lang='lat' dir='ltr'><strong>Hermannus</strong></span> 
     </span>
     <span class='ocr_line' id='line_1_9' title="bbox 255 1153 1562 1239; baseline -0.002 -16"><span class='ocrx_word' id='word_1_75' title='bbox 255 1161 295 1225; x_wconf 91' lang='lat' dir='ltr'><strong>de</strong></span> <span class='ocrx_word' id='word_1_76' title='bbox 316 1159 540 1223; x_wconf 78' lang='lat' dir='ltr'><strong>Gntenshusen</strong></span> <span class='ocrx_word' id='word_1_77' title='bbox 561 1156 720 1234; x_wconf 88' lang='lat' dir='ltr'><strong>canonici,</strong></span> <span class='ocrx_word' id='word_1_78' title='bbox 745 1160 776 1219; x_wconf 89' lang='lat' dir='ltr'><strong>et</strong></span> <span class='ocrx_word' id='word_1_79' title='bbox 795 1153 969 1219; x_wconf 89' lang='lat' dir='ltr'><strong>Heinricus</strong></span> <span class='ocrx_word' id='word_1_80' title='bbox 990 1155 1028 1218; x_wconf 90' lang='lat' dir='ltr'><strong>de</strong></span> <span class='ocrx_word' id='word_1_81' title='bbox 1049 1155 1248 1234; x_wconf 73' lang='lat' dir='ltr'><strong>Sybeleyben</strong></span> <span class='ocrx_word' id='word_1_82' title='bbox 1270 1175 1326 1239; x_wconf 91' lang='lat' dir='ltr'><strong>pro</strong></span> <span class='ocrx_word' id='word_1_83' title='bbox 1355 1158 1506 1221; x_wconf 88' lang='lat' dir='ltr'><strong>canonico</strong></span> <span class='ocrx_word' id='word_1_84' title='bbox 1528 1175 1562 1221; x_wconf 88' lang='lat' dir='ltr'><strong>se</strong></span> 
     </span>
     <span class='ocr_line' id='line_1_10' title="bbox 254 1251 1561 1341; baseline -0.003 -18"><span class='ocrx_word' id='word_1_85' title='bbox 254 1276 383 1341; x_wconf 82' lang='lat' dir='ltr'><strong>gerens,</strong></span> <span class='ocrx_word' id='word_1_86' title='bbox 414 1256 571 1319; x_wconf 88' lang='lat' dir='ltr'><strong>Iohannes</strong></span> <span class='ocrx_word' id='word_1_87' title='bbox 592 1254 629 1317; x_wconf 93' lang='lat' dir='ltr'><strong>de</strong></span> <span class='ocrx_word' id='word_1_88' title='bbox 651 1252 839 1335; x_wconf 85' lang='lat' dir='ltr'><strong>Iecheburg,</strong></span> <span class='ocrx_word' id='word_1_89' title='bbox 859 1251 1032 1315; x_wconf 89' lang='lat' dir='ltr'><strong>Heinricus</strong></span> <span class='ocrx_word' id='word_1_90' title='bbox 1053 1254 1091 1317; x_wconf 92' lang='lat' dir='ltr'><strong>de</strong></span> <span class='ocrx_word' id='word_1_91' title='bbox 1113 1252 1355 1337; x_wconf 75' lang='lat' dir='ltr'><strong>Kirspeleyben,</strong></span> <span class='ocrx_word' id='word_1_92' title='bbox 1376 1254 1561 1319; x_wconf 84' lang='lat' dir='ltr'><strong>Guntberus</strong></span> 
     </span>
     <span class='ocr_line' id='line_1_11' title="bbox 256 1350 1562 1435; baseline -0.002 -16"><span class='ocrx_word' id='word_1_93' title='bbox 256 1357 406 1435; x_wconf 84' lang='lat' dir='ltr'><strong>Gutwirt‚</strong></span> <span class='ocrx_word' id='word_1_94' title='bbox 426 1354 598 1419; x_wconf 89' lang='lat' dir='ltr'><strong>Heinricus</strong></span> <span class='ocrx_word' id='word_1_95' title='bbox 628 1350 805 1429; x_wconf 85' lang='lat' dir='ltr'><strong>deVanre,</strong></span> <span class='ocrx_word' id='word_1_96' title='bbox 835 1350 1004 1414; x_wconf 87' lang='lat' dir='ltr'><strong>Cunradus</strong></span> <span class='ocrx_word' id='word_1_97' title='bbox 1027 1360 1057 1414; x_wconf 88' lang='lat' dir='ltr'><strong>et</strong></span> <span class='ocrx_word' id='word_1_98' title='bbox 1078 1350 1249 1415; x_wconf 88' lang='lat' dir='ltr'><strong>Heinricus</strong></span> <span class='ocrx_word' id='word_1_99' title='bbox 1275 1352 1386 1417; x_wconf 86' lang='lat' dir='ltr'><strong>fratres</strong></span> <span class='ocrx_word' id='word_1_100' title='bbox 1417 1353 1493 1416; x_wconf 91' lang='lat' dir='ltr'><strong>dicti</strong></span> <span class='ocrx_word' id='word_1_101' title='bbox 1523 1353 1562 1417; x_wconf 86' lang='lat' dir='ltr'><strong>da</strong></span> 
     </span>
     <span class='ocr_line' id='line_1_12' title="bbox 254 1447 1562 1531; baseline -0.002 -14"><span class='ocrx_word' id='word_1_102' title='bbox 254 1454 436 1529; x_wconf 85' lang='lat' dir='ltr'><strong>Thanheim,</strong></span> <span class='ocrx_word' id='word_1_103' title='bbox 457 1451 625 1514; x_wconf 82' lang='lat' dir='ltr'><strong>Ounradus</strong></span> <span class='ocrx_word' id='word_1_104' title='bbox 647 1450 750 1512; x_wconf 89' lang='lat' dir='ltr'><strong>dictus</strong></span> <span class='ocrx_word' id='word_1_105' title='bbox 771 1448 900 1528; x_wconf 85' lang='lat' dir='ltr'><strong>Koliey,</strong></span> <span class='ocrx_word' id='word_1_106' title='bbox 919 1447 1128 1512; x_wconf 80' lang='lat' dir='ltr'><strong>Theodericus</strong></span> <span class='ocrx_word' id='word_1_107' title='bbox 1149 1449 1260 1531; x_wconf 87' lang='lat' dir='ltr'><strong>Sahse,</strong></span> <span class='ocrx_word' id='word_1_108' title='bbox 1288 1448 1457 1514; x_wconf 81' lang='lat' dir='ltr'><strong>Conradus</strong></span> <span class='ocrx_word' id='word_1_109' title='bbox 1482 1453 1562 1515; x_wconf 78' lang='lat' dir='ltr'><strong>vica·</strong></span> 
     </span>
     <span class='ocr_line' id='line_1_13' title="bbox 255 1544 1562 1626; baseline -0.003 -9"><span class='ocrx_word' id='word_1_110' title='bbox 255 1558 361 1617; x_wconf 88' lang='lat' dir='ltr'><strong>custos</strong></span> <span class='ocrx_word' id='word_1_111' title='bbox 388 1551 490 1614; x_wconf 88' lang='lat' dir='ltr'><strong>dictus</strong></span> <span class='ocrx_word' id='word_1_112' title='bbox 520 1551 557 1613; x_wconf 90' lang='lat' dir='ltr'><strong>de</strong></span> <span class='ocrx_word' id='word_1_113' title='bbox 576 1548 754 1625; x_wconf 86' lang='lat' dir='ltr'><strong>Mulhusen,</strong></span> <span class='ocrx_word' id='word_1_114' title='bbox 774 1545 981 1609; x_wconf 91' lang='lat' dir='ltr'><strong>Hermannus</strong></span> <span class='ocrx_word' id='word_1_115' title='bbox 1001 1547 1041 1610; x_wconf 91' lang='lat' dir='ltr'><strong>de</strong></span> <span class='ocrx_word' id='word_1_116' title='bbox 1060 1544 1243 1611; x_wconf 88' lang='lat' dir='ltr'><strong>Taberstete</strong></span> <span class='ocrx_word' id='word_1_117' title='bbox 1265 1549 1382 1626; x_wconf 80' lang='lat' dir='ltr'><strong>vicarii,</strong></span> <span class='ocrx_word' id='word_1_118' title='bbox 1403 1548 1562 1613; x_wconf 89' lang='lat' dir='ltr'><strong>Iohannes</strong></span> 
     </span>
     <span class='ocr_line' id='line_1_14' title="bbox 257 1642 1563 1731; baseline -0.002 -18"><span class='ocrx_word' id='word_1_119' title='bbox 257 1651 295 1713; x_wconf 91' lang='lat' dir='ltr'><strong>de</strong></span> <span class='ocrx_word' id='word_1_120' title='bbox 316 1648 496 1731; x_wconf 74' lang='lat' dir='ltr'><strong>Kamburg,</strong></span> <span class='ocrx_word' id='word_1_121' title='bbox 526 1649 670 1711; x_wconf 86' lang='lat' dir='ltr'><strong>minister</strong></span> <span class='ocrx_word' id='word_1_122' title='bbox 698 1650 805 1708; x_wconf 84' lang='lat' dir='ltr'><strong>sancte</strong></span> <span class='ocrx_word' id='word_1_123' title='bbox 827 1642 1148 1723; x_wconf 78' lang='lat' dir='ltr'><strong>Marie,h1ehtfridus</strong></span> <span class='ocrx_word' id='word_1_124' title='bbox 1169 1644 1321 1725; x_wconf 87' lang='lat' dir='ltr'><strong>decanus,</strong></span> <span class='ocrx_word' id='word_1_125' title='bbox 1351 1644 1502 1710; x_wconf 80' lang='lat' dir='ltr'><strong>hibertus</strong></span> <span class='ocrx_word' id='word_1_126' title='bbox 1523 1647 1563 1711; x_wconf 93' lang='lat' dir='ltr'><strong>de</strong></span> 
     </span>
     <span class='ocr_line' id='line_1_15' title="bbox 257 1742 1562 1832; baseline -0.003 -21"><span class='ocrx_word' id='word_1_127' title='bbox 257 1748 394 1832; x_wconf 90' lang='lat' dir='ltr'><strong>Ursperg</strong></span> <span class='ocrx_word' id='word_1_128' title='bbox 420 1766 475 1830; x_wconf 91' lang='lat' dir='ltr'><strong>pro</strong></span> <span class='ocrx_word' id='word_1_129' title='bbox 505 1746 667 1809; x_wconf 87' lang='lat' dir='ltr'><strong>scolastico</strong></span> <span class='ocrx_word' id='word_1_130' title='bbox 689 1762 723 1807; x_wconf 89' lang='lat' dir='ltr'><strong>se</strong></span> <span class='ocrx_word' id='word_1_131' title='bbox 749 1762 877 1825; x_wconf 85' lang='lat' dir='ltr'><strong>gerens,</strong></span> <span class='ocrx_word' id='word_1_132' title='bbox 908 1744 1058 1825; x_wconf 86' lang='lat' dir='ltr'><strong>magister</strong></span> <span class='ocrx_word' id='word_1_133' title='bbox 1076 1742 1281 1807; x_wconf 86' lang='lat' dir='ltr'><strong>Barchardus</strong></span> <span class='ocrx_word' id='word_1_134' title='bbox 1316 1745 1355 1807; x_wconf 92' lang='lat' dir='ltr'><strong>de</strong></span> <span class='ocrx_word' id='word_1_135' title='bbox 1382 1744 1562 1825; x_wconf 87' lang='lat' dir='ltr'><strong>Mulhusen,</strong></span> 
     </span>
     <span class='ocr_line' id='line_1_16' title="bbox 255 1839 1562 1921; baseline -0.002 -13"><span class='ocrx_word' id='word_1_136' title='bbox 255 1844 412 1907; x_wconf 87' lang='lat' dir='ltr'><strong>Iohannes</strong></span> <span class='ocrx_word' id='word_1_137' title='bbox 434 1844 472 1905; x_wconf 87' lang='lat' dir='ltr'><strong>de</strong></span> <span class='ocrx_word' id='word_1_138' title='bbox 492 1842 576 1921; x_wconf 88' lang='lat' dir='ltr'><strong>lene,</strong></span> <span class='ocrx_word' id='word_1_139' title='bbox 596 1840 753 1903; x_wconf 90' lang='lat' dir='ltr'><strong>Iohannes</strong></span> <span class='ocrx_word' id='word_1_140' title='bbox 770 1840 808 1903; x_wconf 92' lang='lat' dir='ltr'><strong>de</strong></span> <span class='ocrx_word' id='word_1_141' title='bbox 823 1839 957 1911; x_wconf 80' lang='lat' dir='ltr'><strong>Treveri,</strong></span> <span class='ocrx_word' id='word_1_142' title='bbox 978 1840 1136 1903; x_wconf 90' lang='lat' dir='ltr'><strong>lohannes</strong></span> <span class='ocrx_word' id='word_1_143' title='bbox 1153 1842 1192 1903; x_wconf 89' lang='lat' dir='ltr'><strong>de</strong></span> <span class='ocrx_word' id='word_1_144' title='bbox 1211 1840 1331 1921; x_wconf 83' lang='lat' dir='ltr'><strong>Mdnre,</strong></span> <span class='ocrx_word' id='word_1_145' title='bbox 1350 1842 1562 1906; x_wconf 80' lang='lat' dir='ltr'><strong>Theodericus</strong></span> 
     </span>
     <span class='ocr_line' id='line_1_17' title="bbox 257 1936 1563 2015; baseline -0.002 -9"><span class='ocrx_word' id='word_1_146' title='bbox 257 1942 295 2006; x_wconf 90' lang='lat' dir='ltr'><strong>de</strong></span> <span class='ocrx_word' id='word_1_147' title='bbox 316 1942 426 2015; x_wconf 82' lang='lat' dir='ltr'><strong>Gotha,</strong></span> <span class='ocrx_word' id='word_1_148' title='bbox 446 1939 655 2003; x_wconf 85' lang='lat' dir='ltr'><strong>Theodericus</strong></span> <span class='ocrx_word' id='word_1_149' title='bbox 677 1939 780 2001; x_wconf 89' lang='lat' dir='ltr'><strong>dictus</strong></span> <span class='ocrx_word' id='word_1_150' title='bbox 804 1936 977 2001; x_wconf 87' lang='lat' dir='ltr'><strong>Marschallr</strong></span> <span class='ocrx_word' id='word_1_151' title='bbox 999 1945 1030 2001; x_wconf 87' lang='lat' dir='ltr'><strong>ct</strong></span> <span class='ocrx_word' id='word_1_152' title='bbox 1048 1938 1257 2003; x_wconf 88' lang='lat' dir='ltr'><strong>Theodericus</strong></span> <span class='ocrx_word' id='word_1_153' title='bbox 1278 1940 1316 2003; x_wconf 91' lang='lat' dir='ltr'><strong>de</strong></span> <span class='ocrx_word' id='word_1_154' title='bbox 1334 1940 1437 2004; x_wconf 80' lang='lat' dir='ltr'><strong>Gotho</strong></span> <span class='ocrx_word' id='word_1_155' title='bbox 1458 1942 1563 2005; x_wconf 83' lang='lat' dir='ltr'><strong>senior</strong></span> 
     </span>
     <span class='ocr_line' id='line_1_18' title="bbox 256 2032 1562 2117; baseline -0.001 -14"><span class='ocrx_word' id='word_1_156' title='bbox 256 2041 413 2117; x_wconf 90' lang='lat' dir='ltr'><strong>canonici,</strong></span> <span class='ocrx_word' id='word_1_157' title='bbox 441 2037 611 2101; x_wconf 90' lang='lat' dir='ltr'><strong>Heinricus</strong></span> <span class='ocrx_word' id='word_1_158' title='bbox 632 2043 754 2114; x_wconf 78' lang='lat' dir='ltr'><strong>custoS,</strong></span> <span class='ocrx_word' id='word_1_159' title='bbox 781 2032 952 2099; x_wconf 89' lang='lat' dir='ltr'><strong>Heinricus</strong></span> <span class='ocrx_word' id='word_1_160' title='bbox 973 2036 1011 2099; x_wconf 90' lang='lat' dir='ltr'><strong>de</strong></span> <span class='ocrx_word' id='word_1_161' title='bbox 1035 2037 1253 2117; x_wconf 88' lang='lat' dir='ltr'><strong>Weberstede,</strong></span> <span class='ocrx_word' id='word_1_162' title='bbox 1279 2037 1456 2103; x_wconf 80' lang='lat' dir='ltr'><strong>Tridericus</strong></span> <span class='ocrx_word' id='word_1_163' title='bbox 1480 2038 1562 2104; x_wconf 90' lang='lat' dir='ltr'><strong>Ude-</strong></span> 
     </span>
     <span class='ocr_line' id='line_1_19' title="bbox 256 2133 1562 2219; baseline -0.001 -17"><span class='ocrx_word' id='word_1_164' title='bbox 256 2143 342 2216; x_wconf 86' lang='lat' dir='ltr'><strong>stete,</strong></span> <span class='ocrx_word' id='word_1_165' title='bbox 365 2135 514 2199; x_wconf 80' lang='lat' dir='ltr'><strong>hibertus</strong></span> <span class='ocrx_word' id='word_1_166' title='bbox 529 2134 756 2211; x_wconf 83' lang='lat' dir='ltr'><strong>Gemeclielich,</strong></span> <span class='ocrx_word' id='word_1_167' title='bbox 776 2133 934 2219; x_wconf 81' lang='lat' dir='ltr'><strong>Iohannes</strong></span> <span class='ocrx_word' id='word_1_168' title='bbox 955 2134 1059 2197; x_wconf 89' lang='lat' dir='ltr'><strong>dictus</strong></span> <span class='ocrx_word' id='word_1_169' title='bbox 1076 2134 1154 2214; x_wconf 89' lang='lat' dir='ltr'><strong>Zise,</strong></span> <span class='ocrx_word' id='word_1_170' title='bbox 1175 2135 1389 2216; x_wconf 86' lang='lat' dir='ltr'><strong>Gotteboldus,</strong></span> <span class='ocrx_word' id='word_1_171' title='bbox 1410 2137 1562 2218; x_wconf 85' lang='lat' dir='ltr'><strong>Heyden·</strong></span> 
     </span>
     <span class='ocr_line' id='line_1_20' title="bbox 260 2230 1563 2315; baseline 0 -17"><span class='ocrx_word' id='word_1_172' title='bbox 260 2237 346 2299; x_wconf 88' lang='lat' dir='ltr'><strong>ricus</strong></span> <span class='ocrx_word' id='word_1_173' title='bbox 370 2234 408 2297; x_wconf 94' lang='lat' dir='ltr'><strong>de</strong></span> <span class='ocrx_word' id='word_1_174' title='bbox 429 2232 630 2311; x_wconf 85' lang='lat' dir='ltr'><strong>Summerde,</strong></span> <span class='ocrx_word' id='word_1_175' title='bbox 662 2232 845 2295; x_wconf 87' lang='lat' dir='ltr'><strong>Guntherns</strong></span> <span class='ocrx_word' id='word_1_176' title='bbox 873 2232 912 2295; x_wconf 92' lang='lat' dir='ltr'><strong>de</strong></span> <span class='ocrx_word' id='word_1_177' title='bbox 933 2230 1151 2315; x_wconf 86' lang='lat' dir='ltr'><strong>Kuningesse,</strong></span> <span class='ocrx_word' id='word_1_178' title='bbox 1173 2282 1199 2295; x_wconf 91' lang='lat'><strong>..</strong></span> <span class='ocrx_word' id='word_1_179' title='bbox 1219 2234 1323 2297; x_wconf 83' lang='lat' dir='ltr'><strong>dictus</strong></span> <span class='ocrx_word' id='word_1_180' title='bbox 1345 2235 1383 2297; x_wconf 95' lang='lat' dir='ltr'><strong>de</strong></span> <span class='ocrx_word' id='word_1_181' title='bbox 1408 2234 1563 2314; x_wconf 85' lang='lat' dir='ltr'><strong>Meibach,</strong></span> 
     </span>
     <span class='ocr_line' id='line_1_21' title="bbox 256 2329 1561 2413; baseline 0.001 -16"><span class='ocrx_word' id='word_1_182' title='bbox 256 2332 433 2412; x_wconf 87' lang='lat' dir='ltr'><strong>Reymboto</strong></span> <span class='ocrx_word' id='word_1_183' title='bbox 455 2331 493 2393; x_wconf 88' lang='lat' dir='ltr'><strong>de</strong></span> <span class='ocrx_word' id='word_1_184' title='bbox 514 2329 783 2412; x_wconf 90' lang='lat' dir='ltr'><strong>Ingerichsleben,</strong></span> <span class='ocrx_word' id='word_1_185' title='bbox 805 2329 1005 2410; x_wconf 84' lang='lat' dir='ltr'><strong>Meynfridus</strong></span> <span class='ocrx_word' id='word_1_186' title='bbox 1024 2331 1063 2393; x_wconf 91' lang='lat' dir='ltr'><strong>de</strong></span> <span class='ocrx_word' id='word_1_187' title='bbox 1083 2332 1314 2413; x_wconf 78' lang='lat' dir='ltr'><strong>Eschenewege</strong></span> <span class='ocrx_word' id='word_1_188' title='bbox 1335 2338 1365 2395; x_wconf 88' lang='lat' dir='ltr'><strong>et</strong></span> <span class='ocrx_word' id='word_1_189' title='bbox 1386 2332 1561 2398; x_wconf 91' lang='lat' dir='ltr'><strong>Heinricus</strong></span> 
     </span>
     <span class='ocr_line' id='line_1_22' title="bbox 256 2428 1561 2511; baseline 0.002 -18"><span class='ocrx_word' id='word_1_190' title='bbox 256 2430 366 2494; x_wconf 85' lang='lat' dir='ltr'><strong>decani</strong></span> <span class='ocrx_word' id='word_1_191' title='bbox 386 2428 583 2511; x_wconf 80' lang='lat' dir='ltr'><strong>capellanus,</strong></span> <span class='ocrx_word' id='word_1_192' title='bbox 616 2429 723 2490; x_wconf 86' lang='lat' dir='ltr'><strong>vicarii</strong></span> <span class='ocrx_word' id='word_1_193' title='bbox 745 2430 844 2491; x_wconf 89' lang='lat' dir='ltr'><strong>sancti</strong></span> <span class='ocrx_word' id='word_1_194' title='bbox 866 2428 989 2505; x_wconf 80' lang='lat' dir='ltr'><strong>Severi,</strong></span> <span class='ocrx_word' id='word_1_195' title='bbox 1021 2428 1191 2492; x_wconf 87' lang='lat' dir='ltr'><strong>Volmarus</strong></span> <span class='ocrx_word' id='word_1_196' title='bbox 1211 2429 1324 2509; x_wconf 87' lang='lat' dir='ltr'><strong>abbas,</strong></span> <span class='ocrx_word' id='word_1_197' title='bbox 1352 2428 1561 2495; x_wconf 88' lang='lat' dir='ltr'><strong>Hermennns</strong></span> 
     </span>
     <span class='ocr_line' id='line_1_23' title="bbox 256 2524 1563 2611; baseline 0.003 -21"><span class='ocrx_word' id='word_1_198' title='bbox 256 2528 341 2611; x_wconf 90' lang='lat' dir='ltr'><strong>prior</strong></span> <span class='ocrx_word' id='word_1_199' title='bbox 360 2532 391 2589; x_wconf 86' lang='lat' dir='ltr'><strong>et</strong></span> <span class='ocrx_word' id='word_1_200' title='bbox 405 2525 576 2589; x_wconf 88' lang='lat' dir='ltr'><strong>Heinricus</strong></span> <span class='ocrx_word' id='word_1_201' title='bbox 595 2526 633 2589; x_wconf 91' lang='lat' dir='ltr'><strong>de</strong></span> <span class='ocrx_word' id='word_1_202' title='bbox 652 2524 753 2588; x_wconf 85' lang='lat' dir='ltr'><strong>Hallis</strong></span> <span class='ocrx_word' id='word_1_203' title='bbox 775 2532 895 2606; x_wconf 84' lang='lat' dir='ltr'><strong>cantor,</strong></span> <span class='ocrx_word' id='word_1_204' title='bbox 916 2526 1062 2588; x_wconf 90' lang='lat' dir='ltr'><strong>monachi</strong></span> <span class='ocrx_word' id='word_1_205' title='bbox 1082 2527 1265 2591; x_wconf 86' lang='lat' dir='ltr'><strong>monasterii</strong></span> <span class='ocrx_word' id='word_1_206' title='bbox 1286 2530 1402 2593; x_wconf 88' lang='lat' dir='ltr'><strong>montis</strong></span> <span class='ocrx_word' id='word_1_207' title='bbox 1422 2528 1452 2593; x_wconf 87' lang='lat' dir='ltr'><strong>S.</strong></span> <span class='ocrx_word' id='word_1_208' title='bbox 1468 2530 1563 2601; x_wconf 80' lang='lat' dir='ltr'><strong>Petri,</strong></span> 
     </span>
     <span class='ocr_line' id='line_1_24' title="bbox 257 2623 1562 2708; baseline 0.002 -19"><span class='ocrx_word' id='word_1_209' title='bbox 257 2624 441 2689; x_wconf 82' lang='lat' dir='ltr'><strong>Guntherus</strong></span> <span class='ocrx_word' id='word_1_210' title='bbox 468 2624 645 2708; x_wconf 86' lang='lat' dir='ltr'><strong>prepositus</strong></span> <span class='ocrx_word' id='word_1_211' title='bbox 672 2632 702 2686; x_wconf 89' lang='lat' dir='ltr'><strong>et</strong></span> <span class='ocrx_word' id='word_1_212' title='bbox 726 2672 732 2684; x_wconf 88' lang='lat'><strong>.</strong></span> <span class='ocrx_word' id='word_1_213' title='bbox 757 2671 763 2684; x_wconf 93' lang='lat'>.</span> <span class='ocrx_word' id='word_1_214' title='bbox 785 2624 889 2686; x_wconf 87' lang='lat' dir='ltr'><strong>dictus</strong></span> <span class='ocrx_word' id='word_1_215' title='bbox 910 2623 948 2685; x_wconf 91' lang='lat' dir='ltr'><strong>de</strong></span> <span class='ocrx_word' id='word_1_216' title='bbox 971 2623 1057 2686; x_wconf 88' lang='lat' dir='ltr'><strong>Rode</strong></span> <span class='ocrx_word' id='word_1_217' title='bbox 1085 2634 1192 2687; x_wconf 90' lang='lat' dir='ltr'><strong>custos</strong></span> <span class='ocrx_word' id='word_1_218' title='bbox 1218 2628 1441 2689; x_wconf 88' lang='lat' dir='ltr'><strong>canonicorum</strong></span> <span class='ocrx_word' id='word_1_219' title='bbox 1469 2647 1562 2708; x_wconf 88' lang='lat' dir='ltr'><strong>regu-</strong></span> 
     </span>
     <span class='ocr_line' id='line_1_25' title="bbox 258 2720 1562 2805; baseline 0 -18"><span class='ocrx_word' id='word_1_220' title='bbox 258 2724 372 2787; x_wconf 86' lang='lat' dir='ltr'><strong>larium</strong></span> <span class='ocrx_word' id='word_1_221' title='bbox 405 2723 505 2785; x_wconf 88' lang='lat' dir='ltr'><strong>sancti</strong></span> <span class='ocrx_word' id='word_1_222' title='bbox 537 2723 726 2801; x_wconf 75' lang='lat' dir='ltr'><strong>Augustini,</strong></span> <span class='ocrx_word' id='word_1_223' title='bbox 762 2720 921 2783; x_wconf 89' lang='lat' dir='ltr'><strong>lohannes</strong></span> <span class='ocrx_word' id='word_1_224' title='bbox 950 2724 1050 2784; x_wconf 86' lang='lat' dir='ltr'><strong>sancti</strong></span> <span class='ocrx_word' id='word_1_225' title='bbox 1082 2721 1205 2805; x_wconf 82' lang='lat' dir='ltr'><strong>Egidii,</strong></span> <span class='ocrx_word' id='word_1_226' title='bbox 1246 2722 1429 2787; x_wconf 78' lang='lat' dir='ltr'><strong>(lunt-herus</strong></span> <span class='ocrx_word' id='word_1_227' title='bbox 1460 2727 1562 2789; x_wconf 87' lang='lat' dir='ltr'><strong>sancti</strong></span> 
     </span>
     <span class='ocr_line' id='line_1_26' title="bbox 257 2819 1561 2904; baseline 0 -19"><span class='ocrx_word' id='word_1_228' title='bbox 257 2820 420 2885; x_wconf 86' lang='lat' dir='ltr'><strong>Benedicti</strong></span> <span class='ocrx_word' id='word_1_229' title='bbox 459 2819 682 2902; x_wconf 87' lang='lat' dir='ltr'><strong>viceplebanus</strong></span> <span class='ocrx_word' id='word_1_230' title='bbox 715 2839 771 2882; x_wconf 92' lang='lat' dir='ltr'><strong>seu</strong></span> <span class='ocrx_word' id='word_1_231' title='bbox 803 2826 976 2904; x_wconf 89' lang='lat' dir='ltr'><strong>perpetuus</strong></span> <span class='ocrx_word' id='word_1_232' title='bbox 1006 2822 1158 2891; x_wconf 81' lang='lat' dir='ltr'><strong>vicarius,</strong></span> <span class='ocrx_word' id='word_1_233' title='bbox 1205 2820 1420 2901; x_wconf 86' lang='lat' dir='ltr'><strong>Meynhardus</strong></span> <span class='ocrx_word' id='word_1_234' title='bbox 1461 2826 1561 2885; x_wconf 86' lang='lat' dir='ltr'><strong>sancti</strong></span> 
     </span>
     <span class='ocr_line' id='line_1_27' title="bbox 257 2916 1563 3000; baseline 0.002 -19"><span class='ocrx_word' id='word_1_235' title='bbox 257 2918 451 2991; x_wconf 81' lang='lat' dir='ltr'><strong>Michehelis,</strong></span> <span class='ocrx_word' id='word_1_236' title='bbox 463 2918 612 2981; x_wconf 87' lang='lat' dir='ltr'><strong>Nicolaus</strong></span> <span class='ocrx_word' id='word_1_237' title='bbox 629 2918 767 2980; x_wconf 90' lang='lat' dir='ltr'><strong>vicarius</strong></span> <span class='ocrx_word' id='word_1_238' title='bbox 783 2916 909 2991; x_wconf 88' lang='lat' dir='ltr'><strong>ibidem,</strong></span> <span class='ocrx_word' id='word_1_239' title='bbox 922 2963 929 2975; x_wconf 86' lang='lat'><strong>.</strong></span> <span class='ocrx_word' id='word_1_240' title='bbox 953 2920 1070 2979; x_wconf 86' lang='lat' dir='ltr'><strong>¹sancti</strong></span> <span class='ocrx_word' id='word_1_241' title='bbox 1082 2918 1219 2981; x_wconf 88' lang='lat' dir='ltr'><strong>Servacii</strong></span> <span class='ocrx_word' id='word_1_242' title='bbox 1229 2917 1362 3000; x_wconf 87' lang='lat' dir='ltr'><strong>plebani,</strong></span> <span class='ocrx_word' id='word_1_243' title='bbox 1377 2920 1563 2983; x_wconf 85' lang='lat' dir='ltr'><strong>Guntherus</strong></span> 
     </span>
     <span class='ocr_line' id='line_1_28' title="bbox 257 3014 1562 3101; baseline 0.002 -22"><span class='ocrx_word' id='word_1_244' title='bbox 257 3014 481 3101; x_wconf 85' lang='lat' dir='ltr'><strong>vicoplebanus</strong></span> <span class='ocrx_word' id='word_1_245' title='bbox 496 3017 594 3080; x_wconf 88' lang='lat' dir='ltr'><strong>sancti</strong></span> <span class='ocrx_word' id='word_1_246' title='bbox 608 3014 681 3091; x_wconf 86' lang='lat' dir='ltr'><strong>Viti,</strong></span> <span class='ocrx_word' id='word_1_247' title='bbox 700 3016 856 3079; x_wconf 84' lang='lat' dir='ltr'><strong>lohannes</strong></span> <span class='ocrx_word' id='word_1_248' title='bbox 873 3015 912 3077; x_wconf 93' lang='lat' dir='ltr'><strong>de</strong></span> <span class='ocrx_word' id='word_1_249' title='bbox 926 3014 1066 3079; x_wconf 83' lang='lat' dir='ltr'><strong>liutstete</strong></span> <span class='ocrx_word' id='word_1_250' title='bbox 1079 3018 1215 3079; x_wconf 89' lang='lat' dir='ltr'><strong>vicarius</strong></span> <span class='ocrx_word' id='word_1_251' title='bbox 1232 3019 1332 3079; x_wconf 87' lang='lat' dir='ltr'><strong>sancti</strong></span> <span class='ocrx_word' id='word_1_252' title='bbox 1347 3016 1562 3081; x_wconf 86' lang='lat' dir='ltr'><strong>Bartholomei</strong></span> 
     </span>
     <span class='ocr_line' id='line_1_29' title="bbox 257 3112 1560 3197; baseline 0 -20"><span class='ocrx_word' id='word_1_253' title='bbox 257 3122 288 3177; x_wconf 88' lang='lat' dir='ltr'><strong>et</strong></span> <span class='ocrx_word' id='word_1_254' title='bbox 300 3115 450 3179; x_wconf 78' lang='lat' dir='ltr'><strong>hibertus</strong></span> <span class='ocrx_word' id='word_1_255' title='bbox 462 3115 499 3178; x_wconf 93' lang='lat' dir='ltr'><strong>de</strong></span> <span class='ocrx_word' id='word_1_256' title='bbox 510 3115 747 3197; x_wconf 87' lang='lat' dir='ltr'><strong>Sangershusen</strong></span> <span class='ocrx_word' id='word_1_257' title='bbox 764 3114 902 3176; x_wconf 80' lang='lat' dir='ltr'><strong>vicarius</strong></span> <span class='ocrx_word' id='word_1_258' title='bbox 918 3114 1019 3174; x_wconf 84' lang='lat' dir='ltr'><strong>sancti</strong></span> <span class='ocrx_word' id='word_1_259' title='bbox 1028 3112 1156 3177; x_wconf 81' lang='lat' dir='ltr'><strong>Andree</strong></span> <span class='ocrx_word' id='word_1_260' title='bbox 1170 3113 1374 3177; x_wconf 86' lang='lat' dir='ltr'><strong>ecclesiarum</strong></span> <span class='ocrx_word' id='word_1_261' title='bbox 1392 3114 1560 3178; x_wconf 81' lang='lat' dir='ltr'><strong>Eriorden·</strong></span> 
     </span>
     <span class='ocr_line' id='line_1_30' title="bbox 257 3209 1563 3295; baseline 0.001 -20"><span class='ocrx_word' id='word_1_262' title='bbox 257 3213 572 3291; x_wconf 85' lang='lat' dir='ltr'><strong>sium,Theodeiious</strong></span> <span class='ocrx_word' id='word_1_263' title='bbox 582 3210 620 3275; x_wconf 90' lang='lat' dir='ltr'><strong>de</strong></span> <span class='ocrx_word' id='word_1_264' title='bbox 632 3212 808 3291; x_wconf 84' lang='lat' dir='ltr'><strong>Sternberg,</strong></span> <span class='ocrx_word' id='word_1_265' title='bbox 827 3209 982 3295; x_wconf 90' lang='lat' dir='ltr'><strong>plebanus</strong></span> <span class='ocrx_word' id='word_1_266' title='bbox 992 3212 1026 3273; x_wconf 92' lang='lat' dir='ltr'><strong>in</strong></span> <span class='ocrx_word' id='word_1_267' title='bbox 1039 3209 1513 3293; x_wconf 79' lang='lat' dir='ltr'><strong>Weringeshusen,ll&#39;ilhelmus</strong></span> <span class='ocrx_word' id='word_1_268' title='bbox 1523 3212 1563 3276; x_wconf 91' lang='lat' dir='ltr'><strong>de</strong></span> 
     </span>
     <span class='ocr_line' id='line_1_31' title="bbox 258 3307 1564 3393; baseline 0 -19"><span class='ocrx_word' id='word_1_269' title='bbox 258 3310 531 3374; x_wconf 85' lang='lat' dir='ltr'><strong>Schauwalnbcim</strong></span> <span class='ocrx_word' id='word_1_270' title='bbox 552 3329 665 3393; x_wconf 87' lang='lat' dir='ltr'><strong>gerens</strong></span> <span class='ocrx_word' id='word_1_271' title='bbox 687 3328 720 3371; x_wconf 88' lang='lat' dir='ltr'><strong>se</strong></span> <span class='ocrx_word' id='word_1_272' title='bbox 741 3329 796 3389; x_wconf 91' lang='lat' dir='ltr'><strong>pro</strong></span> <span class='ocrx_word' id='word_1_273' title='bbox 817 3308 948 3373; x_wconf 87' lang='lat' dir='ltr'><strong>custode</strong></span> <span class='ocrx_word' id='word_1_274' title='bbox 969 3315 999 3371; x_wconf 86' lang='lat' dir='ltr'><strong>et</strong></span> <span class='ocrx_word' id='word_1_275' title='bbox 1016 3310 1169 3371; x_wconf 89' lang='lat' dir='ltr'><strong>canonico</strong></span> <span class='ocrx_word' id='word_1_276' title='bbox 1184 3307 1315 3372; x_wconf 87' lang='lat' dir='ltr'><strong>ecclesie</strong></span> <span class='ocrx_word' id='word_1_277' title='bbox 1329 3309 1564 3390; x_wconf 71' lang='lat' dir='ltr'><strong>NorthusensiS,</strong></span> 
     </span>
     <span class='ocr_line' id='line_1_32' title="bbox 256 3407 1563 3491; baseline 0.002 -20"><span class='ocrx_word' id='word_1_278' title='bbox 256 3408 465 3472; x_wconf 86' lang='lat' dir='ltr'><strong>Theodericus</strong></span> <span class='ocrx_word' id='word_1_279' title='bbox 486 3410 663 3491; x_wconf 89' lang='lat' dir='ltr'><strong>prepositus</strong></span> <span class='ocrx_word' id='word_1_280' title='bbox 682 3407 970 3471; x_wconf 82' lang='lat' dir='ltr'><strong>sanctimonialium</strong></span> <span class='ocrx_word' id='word_1_281' title='bbox 987 3409 1020 3469; x_wconf 92' lang='lat' dir='ltr'><strong>in</strong></span> <span class='ocrx_word' id='word_1_282' title='bbox 1038 3410 1196 3482; x_wconf 86' lang='lat' dir='ltr'><strong>Arnstete,</strong></span> <span class='ocrx_word' id='word_1_283' title='bbox 1217 3408 1372 3489; x_wconf 87' lang='lat' dir='ltr'><strong>plebanus</strong></span> <span class='ocrx_word' id='word_1_284' title='bbox 1388 3411 1422 3472; x_wconf 91' lang='lat' dir='ltr'><strong>in</strong></span> <span class='ocrx_word' id='word_1_285' title='bbox 1439 3409 1563 3490; x_wconf 86' lang='lat' dir='ltr'><strong>Smyre,</strong></span> 
     </span>
     <span class='ocr_line' id='line_1_33' title="bbox 259 3504 1564 3587; baseline 0.002 -20"><span class='ocrx_word' id='word_1_286' title='bbox 259 3504 427 3569; x_wconf 87' lang='lat' dir='ltr'><strong>Cunradus</strong></span> <span class='ocrx_word' id='word_1_287' title='bbox 448 3506 486 3569; x_wconf 92' lang='lat' dir='ltr'><strong>de</strong></span> <span class='ocrx_word' id='word_1_288' title='bbox 508 3505 677 3569; x_wconf 87' lang='lat' dir='ltr'><strong>Wechmar</strong></span> <span class='ocrx_word' id='word_1_289' title='bbox 702 3512 733 3569; x_wconf 85' lang='lat' dir='ltr'><strong>et</strong></span> <span class='ocrx_word' id='word_1_290' title='bbox 754 3504 912 3569; x_wconf 90' lang='lat' dir='ltr'><strong>Henricus</strong></span> <span class='ocrx_word' id='word_1_291' title='bbox 940 3505 978 3568; x_wconf 92' lang='lat' dir='ltr'><strong>de</strong></span> <span class='ocrx_word' id='word_1_292' title='bbox 1002 3504 1146 3568; x_wconf 84' lang='lat' dir='ltr'><strong>Tenatete</strong></span> <span class='ocrx_word' id='word_1_293' title='bbox 1173 3506 1326 3587; x_wconf 89' lang='lat' dir='ltr'><strong>capellani</strong></span> <span class='ocrx_word' id='word_1_294' title='bbox 1355 3509 1405 3569; x_wconf 94' lang='lat' dir='ltr'><strong>sui</strong></span> <span class='ocrx_word' id='word_1_295' title='bbox 1436 3508 1564 3585; x_wconf 89' lang='lat' dir='ltr'><strong>ibidem,</strong></span> 
     </span>
     <span class='ocr_line' id='line_1_34' title="bbox 258 3602 1561 3685; baseline 0.002 -20"><span class='ocrx_word' id='word_1_296' title='bbox 258 3602 424 3667; x_wconf 85' lang='lat' dir='ltr'><strong>Bertoldus</strong></span> <span class='ocrx_word' id='word_1_297' title='bbox 445 3603 483 3665; x_wconf 90' lang='lat' dir='ltr'><strong>de</strong></span> <span class='ocrx_word' id='word_1_298' title='bbox 505 3602 701 3684; x_wconf 74' lang='lat' dir='ltr'><strong>Lihlenberg,</strong></span> <span class='ocrx_word' id='word_1_299' title='bbox 723 3604 900 3685; x_wconf 87' lang='lat' dir='ltr'><strong>prepositus</strong></span> <span class='ocrx_word' id='word_1_300' title='bbox 921 3602 1212 3665; x_wconf 85' lang='lat' dir='ltr'><strong>sanctimonialium</strong></span> <span class='ocrx_word' id='word_1_301' title='bbox 1230 3604 1266 3665; x_wconf 91' lang='lat' dir='ltr'><strong>in</strong></span> <span class='ocrx_word' id='word_1_302' title='bbox 1278 3603 1561 3683; x_wconf 86' lang='lat' dir='ltr'><strong>Ychtrichshusen,</strong></span> 
     </span>
     <span class='ocr_line' id='line_1_35' title="bbox 258 3698 1563 3789; baseline 0.002 -27"><span class='ocrx_word' id='word_1_303' title='bbox 258 3700 412 3789; x_wconf 87' lang='lat' dir='ltr'><strong>plebanus</strong></span> <span class='ocrx_word' id='word_1_304' title='bbox 432 3702 465 3761; x_wconf 92' lang='lat' dir='ltr'><strong>in</strong></span> <span class='ocrx_word' id='word_1_305' title='bbox 487 3698 650 3779; x_wconf 88' lang='lat' dir='ltr'><strong>Wehmar,</strong></span> <span class='ocrx_word' id='word_1_306' title='bbox 679 3699 847 3763; x_wconf 82' lang='lat' dir='ltr'><strong>Ouaradus</strong></span> <span class='ocrx_word' id='word_1_307' title='bbox 875 3700 1030 3783; x_wconf 84' lang='lat' dir='ltr'><strong>plebanos</strong></span> <span class='ocrx_word' id='word_1_308' title='bbox 1061 3706 1168 3763; x_wconf 85' lang='lat' dir='ltr'><strong>sancte</strong></span> <span class='ocrx_word' id='word_1_309' title='bbox 1189 3699 1363 3783; x_wconf 87' lang='lat' dir='ltr'><strong>Margarete</strong></span> <span class='ocrx_word' id='word_1_310' title='bbox 1387 3704 1421 3765; x_wconf 92' lang='lat' dir='ltr'><strong>in</strong></span> <span class='ocrx_word' id='word_1_311' title='bbox 1451 3702 1563 3779; x_wconf 85' lang='lat' dir='ltr'><strong>Gothe,</strong></span> 
     </span>
     <span class='ocr_line' id='line_1_36' title="bbox 258 3797 1560 3871; baseline 0.002 -10"><span class='ocrx_word' id='word_1_312' title='bbox 258 3798 429 3861; x_wconf 89' lang='lat' dir='ltr'><strong>Heinricus</strong></span> <span class='ocrx_word' id='word_1_313' title='bbox 469 3799 507 3861; x_wconf 93' lang='lat' dir='ltr'><strong>de</strong></span> <span class='ocrx_word' id='word_1_314' title='bbox 540 3797 683 3860; x_wconf 85' lang='lat' dir='ltr'><strong>Gruszen</strong></span> <span class='ocrx_word' id='word_1_315' title='bbox 723 3805 754 3861; x_wconf 90' lang='lat' dir='ltr'><strong>et</strong></span> <span class='ocrx_word' id='word_1_316' title='bbox 791 3797 959 3861; x_wconf 84' lang='lat' dir='ltr'><strong>Onoradus</strong></span> <span class='ocrx_word' id='word_1_317' title='bbox 998 3798 1037 3860; x_wconf 93' lang='lat' dir='ltr'><strong>de</strong></span> <span class='ocrx_word' id='word_1_318' title='bbox 1068 3797 1237 3860; x_wconf 88' lang='lat' dir='ltr'><strong>Wechmar</strong></span> <span class='ocrx_word' id='word_1_319' title='bbox 1277 3800 1386 3863; x_wconf 83' lang='lat' dir='ltr'><strong>vicarii</strong></span> <span class='ocrx_word' id='word_1_320' title='bbox 1425 3799 1560 3871; x_wconf 75' lang='lat' dir='ltr'><strong>ibidem:</strong></span> 
     </span>
     <span class='ocr_line' id='line_1_37' title="bbox 257 3882 1564 3981; baseline 0.003 -24"><span class='ocrx_word' id='word_1_321' title='bbox 257 3894 444 3979; x_wconf 77' lang='lat' dir='ltr'><strong>liudegerus</strong></span> <span class='ocrx_word' id='word_1_322' title='bbox 473 3882 627 3978; x_wconf 68' lang='lat' dir='ltr'><strong>plebanus</strong></span> <span class='ocrx_word' id='word_1_323' title='bbox 658 3897 691 3958; x_wconf 92' lang='lat' dir='ltr'><strong>in</strong></span> <span class='ocrx_word' id='word_1_324' title='bbox 722 3894 828 3959; x_wconf 88' lang='lat' dir='ltr'><strong>Plawe</strong></span> <span class='ocrx_word' id='word_1_325' title='bbox 858 3902 890 3959; x_wconf 89' lang='lat' dir='ltr'><strong>et</strong></span> <span class='ocrx_word' id='word_1_326' title='bbox 921 3895 1075 3977; x_wconf 87' lang='lat' dir='ltr'><strong>plebanus</strong></span> <span class='ocrx_word' id='word_1_327' title='bbox 1104 3898 1138 3957; x_wconf 91' lang='lat' dir='ltr'><strong>in</strong></span> <span class='ocrx_word' id='word_1_328' title='bbox 1171 3896 1382 3978; x_wconf 84' lang='lat' dir='ltr'><strong>Espanvelde,</strong></span> <span class='ocrx_word' id='word_1_329' title='bbox 1414 3902 1564 3981; x_wconf 85' lang='lat' dir='ltr'><strong>magister</strong></span> 
     </span>
     <span class='ocr_line' id='line_1_38' title="bbox 257 3992 1563 4077; baseline 0.002 -20"><span class='ocrx_word' id='word_1_330' title='bbox 257 3992 464 4057; x_wconf 88' lang='lat' dir='ltr'><strong>Hermannus</strong></span> <span class='ocrx_word' id='word_1_331' title='bbox 492 3993 595 4056; x_wconf 88' lang='lat' dir='ltr'><strong>dictus</strong></span> <span class='ocrx_word' id='word_1_332' title='bbox 615 3992 750 4057; x_wconf 87' lang='lat' dir='ltr'><strong>Brotsah</strong></span> <span class='ocrx_word' id='word_1_333' title='bbox 772 3994 810 4057; x_wconf 91' lang='lat' dir='ltr'><strong>de</strong></span> <span class='ocrx_word' id='word_1_334' title='bbox 829 3993 966 4070; x_wconf 88' lang='lat' dir='ltr'><strong>Ilmene,</strong></span> <span class='ocrx_word' id='word_1_335' title='bbox 997 3994 1142 4057; x_wconf 87' lang='lat' dir='ltr'><strong>Andreas</strong></span> <span class='ocrx_word' id='word_1_336' title='bbox 1168 3994 1206 4057; x_wconf 89' lang='lat' dir='ltr'><strong>de</strong></span> <span class='ocrx_word' id='word_1_337' title='bbox 1226 3993 1388 4077; x_wconf 88' lang='lat' dir='ltr'><strong>Tungede,</strong></span> <span class='ocrx_word' id='word_1_338' title='bbox 1416 3997 1563 4077; x_wconf 71' lang='lat' dir='ltr'><strong>Spiridus</strong></span> 
     </span>
     <span class='ocr_line' id='line_1_39' title="bbox 258 4089 1563 4175; baseline 0.003 -22"><span class='ocrx_word' id='word_1_339' title='bbox 258 4091 297 4153; x_wconf 93' lang='lat' dir='ltr'><strong>de</strong></span> <span class='ocrx_word' id='word_1_340' title='bbox 316 4089 455 4163; x_wconf 86' lang='lat' dir='ltr'><strong>Richen,</strong></span> <span class='ocrx_word' id='word_1_341' title='bbox 477 4091 638 4154; x_wconf 79' lang='lat' dir='ltr'><strong>(letfridus</strong></span> <span class='ocrx_word' id='word_1_342' title='bbox 660 4092 763 4155; x_wconf 90' lang='lat' dir='ltr'><strong>dictus</strong></span> <span class='ocrx_word' id='word_1_343' title='bbox 785 4091 889 4154; x_wconf 81' lang='lat' dir='ltr'><strong>Zehen</strong></span> <span class='ocrx_word' id='word_1_344' title='bbox 911 4093 1000 4154; x_wconf 87' lang='lat' dir='ltr'><strong>marh</strong></span> <span class='ocrx_word' id='word_1_345' title='bbox 1022 4093 1061 4155; x_wconf 89' lang='lat' dir='ltr'><strong>de</strong></span> <span class='ocrx_word' id='word_1_346' title='bbox 1081 4093 1146 4155; x_wconf 82' lang='lat' dir='ltr'><strong>Zitz</strong></span> <span class='ocrx_word' id='word_1_347' title='bbox 1170 4091 1289 4175; x_wconf 91' lang='lat' dir='ltr'><strong>publici</strong></span> <span class='ocrx_word' id='word_1_348' title='bbox 1310 4096 1439 4171; x_wconf 89' lang='lat' dir='ltr'><strong>notarii,</strong></span> <span class='ocrx_word' id='word_1_349' title='bbox 1464 4094 1563 4157; x_wconf 84' lang='lat' dir='ltr'><strong>Theo-</strong></span> 
     </span>
     <span class='ocr_line' id='line_1_40' title="bbox 257 4188 1564 4271; baseline 0.004 -21"><span class='ocrx_word' id='word_1_350' title='bbox 257 4188 381 4251; x_wconf 88' lang='lat' dir='ltr'><strong>dericus</strong></span> <span class='ocrx_word' id='word_1_351' title='bbox 402 4189 505 4252; x_wconf 87' lang='lat' dir='ltr'><strong>dictus</strong></span> <span class='ocrx_word' id='word_1_352' title='bbox 531 4188 680 4268; x_wconf 90' lang='lat' dir='ltr'><strong>Turnier,</strong></span> <span class='ocrx_word' id='word_1_353' title='bbox 708 4189 859 4253; x_wconf 86' lang='lat' dir='ltr'><strong>Nicolaus</strong></span> <span class='ocrx_word' id='word_1_354' title='bbox 881 4189 984 4253; x_wconf 87' lang='lat' dir='ltr'><strong>dictus</strong></span> <span class='ocrx_word' id='word_1_355' title='bbox 1006 4190 1121 4268; x_wconf 88' lang='lat' dir='ltr'><strong>Polen,</strong></span> <span class='ocrx_word' id='word_1_356' title='bbox 1143 4191 1326 4255; x_wconf 86' lang='lat' dir='ltr'><strong>Guntherus</strong></span> <span class='ocrx_word' id='word_1_357' title='bbox 1348 4193 1451 4255; x_wconf 89' lang='lat' dir='ltr'><strong>dictus</strong></span> <span class='ocrx_word' id='word_1_358' title='bbox 1472 4192 1564 4271; x_wconf 75' lang='lat' dir='ltr'><strong>Fth,</strong></span> 
     </span>
     <span class='ocr_line' id='line_1_41' title="bbox 256 4284 1563 4367; baseline 0.005 -20"><span class='ocrx_word' id='word_1_359' title='bbox 256 4284 463 4349; x_wconf 89' lang='lat' dir='ltr'><strong>Hermannus</strong></span> <span class='ocrx_word' id='word_1_360' title='bbox 495 4286 533 4349; x_wconf 93' lang='lat' dir='ltr'><strong>de</strong></span> <span class='ocrx_word' id='word_1_361' title='bbox 564 4286 742 4365; x_wconf 81' lang='lat' dir='ltr'><strong>Suerstete,</strong></span> <span class='ocrx_word' id='word_1_362' title='bbox 773 4287 983 4351; x_wconf 86' lang='lat' dir='ltr'><strong>Theodericus</strong></span> <span class='ocrx_word' id='word_1_363' title='bbox 1013 4290 1083 4351; x_wconf 89' lang='lat' dir='ltr'><strong>eins</strong></span> <span class='ocrx_word' id='word_1_364' title='bbox 1115 4288 1259 4367; x_wconf 81' lang='lat' dir='ltr'><strong>scolaria,</strong></span> <span class='ocrx_word' id='word_1_365' title='bbox 1289 4287 1490 4353; x_wconf 87' lang='lat' dir='ltr'><strong>Hartmudus</strong></span> <span class='ocrx_word' id='word_1_366' title='bbox 1523 4292 1563 4354; x_wconf 92' lang='lat' dir='ltr'><strong>de</strong></span> 
     </span>
     <span class='ocr_line' id='line_1_42' title="bbox 257 4382 1563 4467; baseline 0.005 -21"><span class='ocrx_word' id='word_1_367' title='bbox 257 4382 488 4461; x_wconf 90' lang='lat' dir='ltr'><strong>Almenhusen,</strong></span> <span class='ocrx_word' id='word_1_368' title='bbox 511 4382 678 4449; x_wconf 87' lang='lat' dir='ltr'><strong>Cunradus</strong></span> <span class='ocrx_word' id='word_1_369' title='bbox 699 4385 737 4446; x_wconf 91' lang='lat' dir='ltr'><strong>de</strong></span> <span class='ocrx_word' id='word_1_370' title='bbox 758 4384 999 4467; x_wconf 88' lang='lat' dir='ltr'><strong>Helderungen,</strong></span> <span class='ocrx_word' id='word_1_371' title='bbox 1022 4385 1180 4449; x_wconf 89' lang='lat' dir='ltr'><strong>Iohannes</strong></span> <span class='ocrx_word' id='word_1_372' title='bbox 1201 4386 1239 4450; x_wconf 87' lang='lat' dir='ltr'><strong>de</strong></span> <span class='ocrx_word' id='word_1_373' title='bbox 1258 4385 1351 4463; x_wconf 84' lang='lat' dir='ltr'><strong>Mile,</strong></span> <span class='ocrx_word' id='word_1_374' title='bbox 1372 4386 1563 4452; x_wconf 88' lang='lat' dir='ltr'><strong>Ludowicns</strong></span> 
     </span>
     <span class='ocr_line' id='line_1_43' title="bbox 257 4480 1564 4568; baseline 0.006 -25"><span class='ocrx_word' id='word_1_375' title='bbox 257 4480 295 4543; x_wconf 92' lang='lat' dir='ltr'><strong>de</strong></span> <span class='ocrx_word' id='word_1_376' title='bbox 316 4480 437 4545; x_wconf 84' lang='lat' dir='ltr'><strong>Schade</strong></span> <span class='ocrx_word' id='word_1_377' title='bbox 458 4487 489 4544; x_wconf 93' lang='lat' dir='ltr'><strong>et</strong></span> <span class='ocrx_word' id='word_1_378' title='bbox 511 4481 614 4545; x_wconf 87' lang='lat' dir='ltr'><strong>dictus</strong></span> <span class='ocrx_word' id='word_1_379' title='bbox 635 4481 816 4565; x_wconf 83' lang='lat' dir='ltr'><strong>Hangreve,</strong></span> <span class='ocrx_word' id='word_1_380' title='bbox 836 4480 1046 4546; x_wconf 89' lang='lat' dir='ltr'><strong>Theodericus</strong></span> <span class='ocrx_word' id='word_1_381' title='bbox 1068 4482 1106 4547; x_wconf 85' lang='lat' dir='ltr'><strong>de</strong></span> <span class='ocrx_word' id='word_1_382' title='bbox 1130 4482 1272 4566; x_wconf 75' lang='lat' dir='ltr'><strong>liegarde</strong></span> <span class='ocrx_word' id='word_1_383' title='bbox 1291 4492 1509 4568; x_wconf 81' lang='lat' dir='ltr'><strong>procuratores</strong></span> <span class='ocrx_word' id='word_1_384' title='bbox 1531 4492 1564 4551; x_wconf 88' lang='lat' dir='ltr'><strong>et</strong></span> 
     </span>
    </p>
   </div>
   <div class='ocr_carea' id='block_1_4' title="bbox 0 0 1769 5209">
    <p class='ocr_par' dir='ltr' id='par_1_4' title="bbox 0 0 1769 5209">
     <span class='ocr_line' id='line_1_44' title="bbox 0 0 1769 5209; baseline 0 0"><span class='ocrx_word' id='word_1_385' title='bbox 0 0 1769 5209; x_wconf 95' lang='lat' dir='ltr'><strong> </strong></span> 
     </span>
    </p>
   </div>
  </div>
 </body>
</html>
