3525 5209
481 390 711 455 Urkundenbuch
730 388 779 453 der
797 388 881 453 Stadt
898 388 1004 455 Erturt.
1041 387 1080 454 ῙῙ.
1091 387 1179 454 theti.
1436 387 1490 451 289

180 546 422 615 Erforden'sium
449 570 523 613 cum
548 550 786 633 quatuordecim
807 549 904 632 pullis
920 550 1019 613 annui
1040 566 1155 611 census
1173 548 1207 611 in
1227 546 1306 610 testo
1327 546 1489 609 Michaelis

178 648 355 729 solvendos,
369 646 573 731 procedentes
591 647 746 727 debonis,
767 648 801 711 in
817 648 939 728 campis
956 652 987 711 et
1006 644 1294 727 villaNotteleybin
1314 645 1391 727 sitis,
1412 666 1488 731 pru-

180 746 330 811 dentibus
348 748 425 809 viris
447 792 471 807 ..
491 746 650 829 magistris
665 744 845 825 consulum,
866 791 892 807 ..
913 744 1100 809 consulibus
1115 751 1146 808 et
1161 745 1359 807 universitati
1368 746 1486 809 civium

178 844 379 908 Erlordensis
410 844 548 909 civitatis
580 862 637 927 pro
668 843 776 907 decem
804 845 920 907 marcis
946 844 1067 926 argenti
1091 844 1165 926 puri
1191 841 1283 905 nobis
1311 842 1431 906 utiliter
1458 848 1490 907 et

180 942 320 1026 plenme
350 942 535 1026 persolutis,
567 941 793 1005 rationabiliter
821 940 1025 1005 vendidimus
1050 942 1136 1004 insto
1159 940 1358 1023 proprietatis
1384 940 1488 1021 tytulo

180 1044 332 1124 perpetuo
356 1040 581 1125 possidendos,
608 1042 824 1123 promittentes
849 1041 936 1123 ipsos
961 1038 1001 1101 de
1026 1038 1109 1102 dicto
1136 1058 1236 1102 censu
1266 1043 1297 1101 et
1323 1038 1392 1102 eius
1417 1058 1489 1121 pro·

177 1140 309 1223 prietate
335 1137 527 1201 iustitialiter
554 1137 736 1201 werenhere
764 1156 800 1201 ac
825 1137 1013 1220 indempnes
1040 1136 1080 1201 ab
1104 1137 1302 1220 impetitione
1322 1136 1489 1219 qualicun-

179 1256 243 1320 que
269 1254 465 1321 preservare,
494 1236 605 1299 dantes
626 1235 744 1299 eisdem
765 1236 847 1299 hanc
867 1234 1003 1299 litteram
1026 1240 1135 1299 nosho
1155 1235 1258 1319 sigillo
1279 1236 1391 1299 maiori
1412 1234 1489 1298 fide·

177 1336 249 1399 liter
281 1335 511 1399 communitam
548 1334 583 1396 iu
618 1334 836 1397 testimonium
866 1352 963 1417 super
992 1352 1038 1397 eo.
1090 1330 1209 1396 Datum
1242 1352 1327 1397 anno
1358 1330 1488 1397 Domini

179 1430 225 1497 ΜΟ
238 1430 377 1495 000⁰L0
395 1433 429 1495 in
450 1432 530 1495 festo
551 1430 633 1495 beati
654 1430 782 1494 Andree
803 1431 943 1513 apostoli.

178 1634 674 1743 recensentes„
738 1576 741 1581 ’
1397 1636 1486 1719 aaa.

282 1770 430 1849 θθνῖαώ,
456 1770 643 1853 Ηνεὸἱεσὶιοί
664 1790 723 1835 oon
749 1770 879 1849 Maias,
905 1770 1079 1853 aepactae
1102 1772 1171 1835 dem
1198 1770 1411 1837 Scltoludilcaas
1436 1772 1491 1836 des

279 1868 498 1953 Swntstisles,
526 1868 655 1933 Jobonn
686 1888 745 1933 oon
769 1868 874 1945 Trica,
904 1870 965 1933 den
986 1868 1058 1951 Hos
1076 1889 1122 1933 aa
1148 1869 1218 1933 den
1245 1870 1334 1953 Wepe
1353 1890 1412 1935 oon
1432 1870 1489 1935 der

214 2040 216 2047 Α
235 2024 238 2033 .
278 1966 549 2049 ενιῦιὲςεὴόίϋώεη
559 1968 660 2047 Bury,
679 1972 820 2049 pensant
839 1968 899 2033 dos
914 1967 1056 2031 bnamma
1070 1966 1171 2044 Heus,
1191 1968 1274 2031 noch
1288 1968 1357 2032 dean
1370 1966 1490 2032 Petere-

278 2064 398 2129 klosten
1334 2077 1336 2085 '

328 2179 998 2249 ’ΜΜΜ
1016 2180 1486 2249 ΜΜΜΜΜ

259 2357 423 2438 Gerlacus,
443 2356 503 2423 Dei
525 2359 626 2441 gratia
645 2362 751 2421 sancte
767 2356 956 2441 Mogontine
975 2356 1060 2421 sedis
1080 2357 1334 2442 archiepiscopus
1353 2364 1418 2439 eta,
1438 2378 1489 2423 re·

177 2455 400 2539 cognoscimus
421 2474 477 2539 per
495 2462 670 2541 presentes,
697 2455 783 2539 quod
805 2474 911 2519 aream
932 2474 990 2520 seu
1010 2454 1238 2519 domunculam
1259 2474 1334 2519 cum
1355 2456 1487 2521 edificiis

176 2552 257 2616 inihi
278 2552 502 2632 existentibus,
523 2554 616 2619 situm
636 2552 790 2617 Erffordie
810 2554 991 2637 contiguam
1013 2557 1110 2636 porte,
1131 2572 1196 2635 qua
1211 2552 1250 2617 de
1270 2559 1378 2619 nostra
1396 2557 1486 2619 curia

177 2652 331 2715 bansitnr
356 2670 467 2715 versus
494 2657 633 2715 montem
655 2652 756 2715 sancti
776 2650 863 2715 Petri
883 2650 924 2713 ad
946 2669 1079 2713 manum
1100 2650 1277 2733 dexteram,
1303 2672 1398 2735 quam
1421 2654 1487 2719 iam

178 2748 332 2813 inhabitat
348 2746 506 2813 Iohannes
532 2750 636 2813 dictus
658 2748 829 2823 Schirmer,
855 2746 1031 2813 locavimus
1060 2752 1091 2810 et
1118 2748 1319 2830 presentibus
1341 2750 1492 2815 locamus

178 2846 291 2911 dilecto
319 2844 412 2909 nobis
438 2846 470 2909 in
503 2845 626 2911 Christo
654 2846 789 2911 Iohanni
817 2845 855 2910 de
876 2844 1016 2924 Treveri,
1042 2844 1204 2909 scolastico
1230 2847 1359 2912 ecclesie
1387 2850 1486 2913 sancti

177 2943 283 3009 Severi
307 2942 506 3007 Eliordensis
532 2948 563 3008 et
589 2946 691 3008 eidem
712 2944 842 3007 ecclesie
863 2943 964 3007 sancti
984 2940 1104 3015 Severi,
1132 2949 1224 3026 prout
1243 2946 1311 3028 ipse
1327 2944 1486 3011 Iohannes

177 3040 363 3105 scolasticus
391 3041 426 3105 in
452 3047 552 3105 morte
581 3041 632 3107 vel
660 3043 694 3105 in
720 3042 785 3105 vita
807 3040 935 3105 duxerit
955 3039 1181 3120 ordinandum,
1206 3042 1276 3106 iure
1296 3042 1485 3108 hereditario

177 3158 237 3203 seu
257 3138 476 3223 emphiteotieo
502 3144 651 3225 perpetue
672 3138 919 3222 possidendum,
945 3140 989 3202 ita
1009 3138 1415 3222 tamen,quodp1edictus
1436 3140 1486 3205 Io-

176 3238 300 3301 hannes
316 3236 500 3301 scolasticus
515 3237 630 3302 dictam
649 3257 755 3301 aream
772 3238 839 3300 sive
860 3236 1087 3301 domunculam
1107 3236 1141 3299 in
1163 3235 1295 3303 edificiis
1314 3245 1487 3321 conservet,

176 3339 301 3417 reparet
330 3340 361 3399 et
392 3335 548 3414 emendet,
578 3334 733 3418 nobisque
763 3340 793 3397 et
819 3335 936 3397 nostris
962 3334 1215 3414 successorihus,
1242 3337 1485 3421 archiepiscopis

176 3432 375 3516 Magantinis
390 3452 445 3517 pro
463 3438 603 3517 tempore
619 3431 839 3513 existentibus,
855 3432 991 3517 singulis
1010 3434 1103 3497 annis
1113 3433 1235 3499 infesto
1247 3436 1347 3499 sancti
1356 3434 1486 3499 Martini

176 3530 216 3593 ad
253 3530 404 3593 allodium
438 3537 583 3595 nostruin
614 3530 819 3595 Erffurdeuse
848 3530 889 3593 de
918 3529 1058 3613 predicta
1089 3550 1162 3594 area
1193 3532 1261 3595 sive
1292 3533 1486 3597 domuncula

177 3628 307 3691 nomine
343 3647 459 3693 anneus
502 3628 610 3693 decem
648 3628 764 3693 solidos
796 3627 999 3691 denariorum
1035 3626 1286 3693 Erffordensium
1320 3630 1486 3714 persolvat,

176 3726 266 3789 salvo
295 3726 389 3789 etiam
417 3724 510 3790 nobis
538 3732 568 3789 et
594 3728 712 3791 nostris
739 3724 976 3791 successoribus
996 3726 1066 3789 iure
1083 3725 1280 3791 inhabitandi
1301 3746 1407 3791 aream
1427 3747 1485 3793 seu

176 3823 405 3887 domunculam
437 3824 663 3906 supradictam,
694 3825 722 3887 si
750 3829 782 3887 et
812 3823 939 3907 quando
969 3843 1025 3907 pro
1056 3822 1147 3887 nobis
1173 3833 1204 3889 et
1229 3825 1351 3889 familia
1376 3831 1486 3889 nostra

176 3920 270 3983 nohis
295 3920 454 3985 videbitur
481 3921 636 4007 expedire.
678 3920 717 3985 In
745 3922 839 3985 cuius
865 3922 911 3985 rei
939 3922 1156 3985 testimonium
1178 3920 1318 4005 sigillum
1338 3928 1484 3987 nostrum

177 4017 377 4103 presentibus
400 4026 448 4083 est
468 4038 653 4103 appensum.
685 4017 802 4083 Datum
814 4016 885 4082 Kal.
897 4016 1081 4081 Decembris
1102 4038 1186 4081 anno
1197 4016 1328 4082 Domini
1339 4019 1386 4083 31ο
1396 4018 1484 4083 000ο

177 4118 450 4203 quinquagesimo.

177 4318 294 4405 toto.
321 4319 559 4403 December
584 4320 646 4403 13.
1389 4322 1481 4408 353.

278 4455 442 4521 Comedus
453 4458 492 4521 de
502 4456 735 4539 Mythelhusen,
748 4459 828 4521 civis
837 4457 1047 4538 Erfurdensis,
1061 4465 1093 4523 et
1103 4458 1228 4539 Gysela,
1243 4476 1326 4523 uxor
1335 4458 1485 4541 legitima,

277 4552 432 4634 staufen
462 4574 522 4619 oon
548 4553 617 4619 ἀενη
643 4553 772 4621 Klossa-
801 4554 1010 4635 Georpmthol
1034 4554 1219 4620 moenaio
1244 4554 1346 4619 Mas
1370 4554 1484 4636 &tium

227 4662 472 4712 Quaeramus&
489 4664 563 4703 numa
573 4664 649 4705 xxiv.
665 4668 685 4704 tt.
1298 4669 1332 4723 10
