3525 5209
294 328 328 381 at
653 325 927 401 Gescbichbupucllru
946 328 996 385 der
1014 328 1093 391 Pron.
1107 330 1238 387 Sachsen.

295 478 588 560 Albanushatus,
608 478 816 544 Hermaunus
838 481 1045 563 Sagittarius,
1066 481 1248 546 Guntherns
1269 483 1377 560 Flans,
1399 482 1604 548 Hermannns

295 580 334 641 de
365 576 576 657 Oudinsdorb
611 576 779 641 (lunurdus
809 580 905 643 frater
938 600 1033 659 suus,
1075 580 1226 645 hibertus
1255 582 1294 645 de
1327 581 1543 665 Blanlrinberg
1572 592 1603 646 et

295 676 479 739 (luntberus
490 676 585 739 frater
600 696 687 739 suus.
722 676 757 739 In
776 698 912 760 quorum
932 680 1148 741 testimonium
1167 687 1327 762 presentes
1342 680 1461 743 litteras
1477 680 1604 763 prefatis

293 774 418 839 civibus
450 774 564 837 damus
591 777 782 857 appensione
808 778 905 838 nostri
934 776 1028 856 sigilli
1059 775 1192 839 firmiter
1217 779 1437 839 communitas
1486 775 1601 840 Datum

293 893 376 936 anuo
405 872 533 935 Domini
562 871 607 934 Μ0
633 870 721 934 000⁰
744 871 889 952 XXVI⁰,
919 874 994 936 feria
1017 880 1106 937 sexta
1136 876 1280 957 proxima
1308 881 1381 937 ante
1409 874 1491 937 diem
1521 874 1602 937 beati

293 970 417 1035 Martini
439 972 586 1055 episcopi.
1189 1012 1191 1014 -

294 1157 407 1242 1222.
435 1157 671 1237 Denerubor
693 1155 750 1237 12.
778 1155 942 1236 Errant..
1265 1185 1267 1188 ’
1539 1158 1602 1239 21.

399 1292 565 1368 Matthias,
588 1290 769 1371 Erebisclaot
789 1311 848 1353 von
867 1290 990 1367 Maiae,
1012 1290 1153 1370 besliitipl
1177 1289 1246 1352 dam
1261 1288 1528 1355 Narmaaaloster
1553 1292 1604 1354 die

391 1388 472 1452 nach
493 1388 662 1452 denaselben
682 1390 835 1452 benenate
856 1387 1062 1469 Psarrkr'rclae
1081 1387 1150 1449 und
1170 1386 1232 1449 ulle
1251 1388 1407 1468 constipata
1430 1388 1539 1453 Gaitcr.

441 1504 507 1558 Saba·
524 1504 700 1573 monadibus
722 1504 767 1557 Or.
777 1505 814 1557 a'm
833 1503 1033 1572 KoLStdaa
1047 1503 1123 1560 MS.
1137 1503 1164 1561 d.

376 1608 528 1687 Mathias,
550 1617 657 1673 sancte
684 1609 869 1691 Mogontiue
891 1610 974 1672 sedis
1000 1610 1267 1692 archiepiscopus,
1291 1612 1371 1673 sacri
1400 1612 1522 1694 imperii
1544 1632 1599 1695 per

292 1708 493 1771 Germaniam
516 1707 821 1783 archicancellarium
847 1706 969 1768 dilectis
992 1708 1023 1768 iu
1046 1705 1169 1768 Christo
1199 1708 1345 1789 priorisse
1374 1715 1404 1769 et
1428 1712 1598 1772 conventui

292 1806 471 1868 monasterii
513 1804 797 1868 sanctimonialium
837 1802 918 1866 Nori
958 1804 1061 1888 operis
1099 1802 1299 1865 Erlordensis
1335 1804 1456 1867 ordinis
1499 1809 1598 1869 sancti

292 1904 465 1983 Augustini
488 1902 664 1985 Moguntini
686 1902 818 1963 diocesis
840 1903 973 1963 salutem
995 1902 1026 1963 in
1054 1899 1198 1965 llonrino.
1241 1898 1322 1975 Quia
1344 1902 1435 1965 nobis
1457 1906 1600 1966 consistit

291 2000 458 2079 evidenter,
479 2000 562 2083 quod
582 2020 639 2062 vos
656 1999 819 2061 ecclesiam
843 1998 1050 2081 parochialem
1074 2000 1103 2059 iu
1128 2000 1316 2061 monasterio
1337 1993 1440 2061 restro
1462 2002 1599 2084 predicto

290 2118 361 2161 (uun
391 2098 539 2161 omnibus
566 2098 633 2160 suis
653 2096 794 2169 iuribus,
820 2095 913 2158 bonis
933 2103 963 2158 ct
984 2097 1185 2179 pertinenciis
1207 2096 1299 2179 pleno
1322 2099 1390 2159 iure
1411 2119 1430 2160 a
1451 2105 1599 2182 ternpore,

291 2197 384 2259 cuiue
410 2197 567 2259 contraria
598 2214 661 2258 non
694 2196 802 2257 existit
823 2194 989 2273 memoria,
1015 2213 1117 2275 usque
1143 2194 1181 2255 ad
1208 2194 1265 2257 hec
1292 2200 1433 2277 tempora
1453 2199 1600 2260 tenuistis

290 2314 325 2356 ac
363 2295 467 2376 quiete
498 2300 528 2355 et
554 2292 681 2376 pacifice
708 2292 907 2376 possedistiS,
939 2311 997 2353 nos
1028 2293 1139 2353 vestris
1165 2292 1447 2375 supplicationibus
1475 2294 1597 2357 fauora-

291 2390 395 2453 biliter
421 2408 563 2454 annuere
594 2391 769 2474 cupientes,
802 2389 916 2451 dictam
947 2388 1108 2452 ecclesiam
1131 2408 1204 2450 cum
1238 2391 1323 2451 omni
1352 2391 1435 2465 iure,
1468 2392 1600 2455 utilitate

290 2496 321 2551 et
351 2489 569 2572 pertinenciis,
600 2494 694 2572 prout
722 2506 825 2569 nsque
856 2487 894 2549 ad
923 2486 979 2548 bec
1008 2493 1149 2569 tempora
1176 2488 1323 2549 tenuistis
1350 2493 1379 2549 et
1408 2490 1600 2570 possedistis,

290 2587 422 2649 erindem
455 2585 545 2649 vobis
573 2592 604 2649 et
630 2594 733 2649 vestro
761 2585 952 2647 monasterio
974 2585 1111 2667 predicto
1133 2584 1299 2647 tenendam
1324 2592 1354 2647 et
1376 2586 1595 2668 possidendam

291 2686 415 2746 inantea
438 2689 545 2747 tenore
565 2684 764 2766 presencium
787 2702 826 2745 ex
848 2688 933 2745 certa
953 2683 1090 2744 sciencia
1111 2685 1218 2743 nostra
1241 2684 1273 2743 in
1292 2680 1351 2743 Dei
1374 2684 1502 2746 nomine
1522 2704 1597 2747 con-

289 2782 473 2855 firmamus,
499 2798 609 2845 omnes
631 2799 758 2863 quoque
779 2781 964 2843 donationes
985 2780 1194 2854 decimarum,
1223 2781 1476 2862 possessionum,
1501 2789 1597 2845 terra·

289 2900 360 2943 rum
382 2900 419 2943 ac
441 2878 573 2942 aliarum
602 2898 721 2956 rerum,
751 2896 944 2959 quocunque
973 2878 1101 2939 nomine
1127 2876 1175 2937 vel
1198 2877 1289 2939 titulo
1311 2884 1514 2959 censeantur,
1542 2901 1597 2962 per

287 2978 386 3040 {elicis
423 2980 573 3041 memorie
604 2976 852 3058 archiepiscopos
878 2973 1081 3053 Moguntinos
1119 2974 1353 3056 predecessores
1385 2984 1508 3039 nostros
1538 2998 1594 3039 seu

288 3094 498 3159 qaroscuuqne
513 3075 591 3138 alios
612 3074 742 3137 clericos
762 3070 809 3134 rel
829 3071 936 3151 laycos
950 3079 1055 3133 nostre
1073 3070 1216 3151 dyocesis
1232 3072 1322 3134 vobis
1339 3078 1370 3135 et
1387 3074 1470 3135 dicto
1493 3084 1595 3136 vestro

288 3175 477 3237 monasterio
506 3174 615 3253 lactas,
642 3169 852 3247 ratificamus,
882 3169 1074 3231 innovamus
1102 3174 1133 3231 et
1151 3169 1351 3252 presentibus
1378 3170 1595 3253 approbamus,

288 3272 397 3334 dantes
411 3272 468 3333 bas
482 3270 600 3332 litteras
622 3267 725 3351 sigillo
743 3272 848 3329 nostro
859 3268 1071 3327 communitas
1083 3266 1115 3327 iu
1127 3268 1343 3329 testimonium
1356 3270 1591 3350 premissorum.

288 3366 404 3431 Datum
426 3366 567 3431 Eribrdie
588 3366 626 3429 ll.
649 3365 725 3429 Idus
737 3363 922 3427 Decembris
943 3360 1166 3425 annoDonrini
1189 3364 1354 3427 millesimo
1376 3368 1593 3429 trecentesimo

287 3467 437 3528 vicesimo
458 3471 555 3528 sexto.

287 3650 399 3733 1322.
432 3648 669 3731 lleoember
697 3650 759 3729 12.
1529 3649 1590 3733 22.

388 3784 570 3866 Hermann,
596 3783 737 3846 Heraia
760 3782 988 3863 Kranicbfeld,
1017 3782 1117 3862 eipnat
1135 3782 1202 3862 aas
1214 3780 1324 3844 Barea
1348 3782 1508 3847 Giinthers
1533 3805 1591 3848 rna

386 3882 599 3963 Somerinpea,
627 3881 769 3961 Biirpers
797 3900 838 3945 au
868 3879 1000 3961 Erfurl,
1036 3880 1105 3941 aiae
1133 3878 1222 3961 Hafa
1247 3900 1289 3944 aa
1323 3880 1512 3959 Giipclaben,
1541 3883 1593 3945 dic

385 3983 485 4045 dieser
503 3980 603 4043 bauer
622 3998 663 4043 aa
686 3978 788 4042 Ledaea
806 3979 930 4058 pehabi,
951 3978 1008 4041 dar
1026 3977 1193 4043 Vililaa'rcbe
1213 3979 1248 4040 in
1268 3978 1393 4059 Erfwrt

438 4100 482 4154 Or.
491 4098 541 4153 mit
560 4100 631 4157 Sim
649 4099 726 4153 idai.

366 4204 431 4267 Nos
459 4202 663 4267 Hermannus
694 4204 842 4265 dominus
869 4202 903 4263 in
934 4200 1144 4263 Kranicbvcld
1176 4202 1432 4282 recognoscimus
1463 4202 1590 4285 publice

285 4302 495 4386 protestando,
515 4303 598 4385 qnod
621 4307 770 4364 strenuus
790 4298 1012 4361 virdohannes
1032 4299 1136 4361 dietus
1155 4298 1194 4359 de
1207 4296 1353 4376 Elleybiu
1374 4318 1477 4361 unum
1499 4319 1589 4363 mau-

285 4420 354 4463 sum
372 4406 453 4463 terre
474 4400 609 4473 arabilis
630 4401 726 4461 situm
751 4400 784 4459 iu
804 4398 948 4459 terminis
970 4403 1000 4458 et
1017 4394 1440 4477 campisvilleGogeleyhin,
1458 4398 1586 4459 anobis

284 4500 387 4565 tenuit
418 4500 486 4561 iure
506 4498 619 4561 feodali
644 4496 789 4581 pluribus
817 4496 910 4557 aunis
938 4514 975 4557 ac
1002 4497 1107 4578 ipsum
1134 4494 1201 4554 viro
1232 4493 1361 4576 provido
1390 4499 1422 4556 ct
1452 4494 1586 4561 honesto
