3525 5209
291 353 342 413 led
587 355 611 411 ,“
649 348 925 421 Geschichtsquellen
945 347 1237 412 eorumeorurn.

282 507 453 572 ‘scolastico
481 512 507 568 s'.
529 502 654 585 Georgii
675 500 872 566 Coloniensis
898 502 1101 566 eeclesiarum
1125 504 1192 566 suis
1213 503 1298 567 dedit
1315 504 1427 580 litteris
1447 506 1480 568 in
1509 524 1597 581 man-

289 606 378 685 datis,
399 610 435 667 ut
453 604 516 686 ipsi
531 601 583 665 vel
598 601 661 664 du'o
683 609 739 663 aut
753 620 839 664 unus
860 618 980 674 eorum,
1003 602 1030 664 ei
1051 601 1097 664 eis
1117 607 1274 664 constaret
1294 603 1336 666 ita
1359 621 1438 683 esse,
1458 603 1598 686 legitime

278 704 469 781 sententias,
490 705 608 764 statuta
624 705 656 762 et
671 698 820 762 mandata
836 717 892 780 per
914 700 1083 766 canonicos
1104 719 1140 763 ac
1157 701 1347 782 privationes
1368 709 1400 765 et
1416 701 1598 766 collationes

288 801 514 864 beneficiorum
541 797 714 862 eorundem
742 815 798 877 per
831 795 1052 860 Hermannum
1080 797 1229 879 prefatos,
1258 807 1298 862 ut
1324 801 1530 881 premittitur,
1550 800 1597 864 -de

286 897 368 963 facto
392 902 573 981 presumpta
594 902 626 958 et
656 895 810 978 quicquid
841 914 882 957 ex
905 895 1022 958 eisdem
1055 896 1195 973 statute,
1224 900 1401 978 sententiis,
1431 898 1597 978 mandatis,

280 995 518 1082 ‘privationibus
543 999 576 1058 et
604 991 824 1056 collationibus
853 991 966 1054 veleb
991 1011 1027 1054 ea
1054 1000 1198 1058 secutum
1217 994 1305 1074 foret,
1324 997 1508 1060 auctoritate
1529 1015 1597 1080 pre-

278 1095 460 1159 decessoris
480 1091 625 1156 eiusdem
646 1092 734 1153 irrita
757 1090 960 1155 decernerent
980 1097 1011 1153 et
1032 1093 1183 1173 quatinus
1205 1091 1243 1155 de
1270 1092 1350 1157 iacto
1372 1099 1598 1177 processerant,

287 1196 321 1257 in
342 1194 467 1257 irritum
488 1196 672 1255 revocarent
687 1195 719 1251 et
735 1189 938 1253 decernerent
955 1188 1088 1271 prelatos
1108 1198 1139 1254 et
1158 1190 1278 1254 olerum
1300 1192 1456 1274 predictos
1470 1198 1594 1256 senten-

286 1293 338 1355 tiis
364 1287 561 1372 quibuslibet
587 1286 662 1350 dicti
685 1287 917 1369 ¹archiepiscopi
948 1285 1149 1350 Treverensis
1181 1287 1241 1351 sub
1268 1288 1358 1354 titulo
1390 1297 1421 1355 et
1448 1297 1594 1374 pretextu

286 1387 569 1452 administrationis
589 1383 792 1460 huiusmodi,
818 1385 872 1447 cui
899 1403 933 1446 se
955 1386 1130 1467 ingesserat
1150 1406 1185 1449 ac
1207 1388 1300 1450 etiam
1322 1387 1496 1470 ingerebat,
1524 1409 1594 1472 pre·

285 1489 420 1551 fatorum
448 1485 671 1548 canonicorum
700 1501 736 1544 ac
761 1489 1017 1564 quorunounque
1045 1482 1179 1546 aliorum
1208 1484 1349 1548 iudicum
1373 1485 1593 1568 deputatorum

285 1593 342 1649 aut
357 1583 623 1668 deputandorum
654 1579 693 1644 ab
722 1581 790 1663 ipso
823 1597 879 1643 seu
908 1580 1013 1644 forsan
1044 1583 1217 1664 preposito,
1246 1583 1364 1646 decano
1396 1590 1426 1647 et
1456 1585 1593 1667 capitulo

285 1683 474 1767 supradictis
485 1680 613 1764 prolatis
624 1679 715 1760 ligari
730 1679 861 1740 minime
873 1681 1014 1773 potuisse
1025 1697 1082 1742 nec
1099 1699 1190 1762 posse
1205 1680 1269 1744 illis
1287 1681 1390 1750 taliter
1398 1682 1593 1764 proferendis

285 1790 317 1846 et
340 1780 567 1844 nichilominus
595 1776 720 1840 eosdem
749 1774 885 1857 prelatos
913 1781 945 1840 et
974 1776 1093 1840 olerurn
1122 1779 1156 1840 in
1185 1777 1346 1842 beneficiis
1376 1779 1512 1844 obtentis
1539 1799 1594 1862 per

283 1897 339 1942 eos
363 1879 548 1942 auctoritate
575 1875 713 1958 predicta
746 1880 989 1937 manutenerent
1013 1893 1049 1938 ac
1075 1876 1170 1962 etiarn
1200 1876 1397 1940 defensarent
1422 1885 1453 1942 et
1483 1879 1593 1942 huius·

285 1976 370 2040 modi
390 1975 527 2060 prelatos
547 1979 578 2036 et
599 1970 718 2035 olerum
739 1969 920 2034 obedientes
941 1972 986 2034 sic
1007 1971 1045 2034 de
1071 1973 1152 2035 lacto
1173 1975 1312 2056 privatos
1332 1977 1534 2040 restituerent
1553 1977 1591 2040 ad

284 2074 346 2152 illa,
366 2072 430 2137 illis
451 2069 805 2150 inobedientibus,.qui
823 2068 977 2132 ferentin
999 2068 1160 2132 beneficiis
1180 2071 1298 2134 eisdem
1319 2073 1452 2151 intrusi,
1479 2075 1592 2138 amotis

283 2169 411 2257 penitus
435 2170 475 2233 ab
497 2169 628 2246 eisdam,
655 2170 749 2248 prout
775 2167 810 2229 in
836 2165 929 2229 dictis
950 2165 1063 2230 litteris
1084 2167 1314 2249 predecessoris
1335 2170 1475 2234 eiusdem
1497 2191 1593 2248 super

283 2271 343 2333 hoc
362 2266 520 2345 confectis,
541 2265 658 2329 eisdem
678 2264 836 2346 episeopo,
861 2263 980 2326 decano
1006 2272 1037 2327 et
1060 2265 1223 2328 scolastico
1245 2267 1385 2346 directis,
1412 2266 1539 2350 plenius
1562 2275 1592 2333 et

284 2368 434 2431 seriosius
483 2366 663 2428 continetur
727 2360 807 2424 Cum
837 2367 960 2440 autem,
1002 2363 1085 2426 sicut
1127 2365 1323 2447 accepimus,
1361 2383 1417 2448 per
1456 2367 1591 2448 prefatos

282 2467 474 2549 episcopum,
495 2463 650 2525 decanum
663 2466 693 2522 et
709 2458 908 2522 scolasticum
930 2458 1024 2522 simul
1048 2460 1098 2521 vel
1116 2463 1282 2542 separatim
1304 2462 1344 2526 ad
1365 2463 1591 2545 premissorum

283 2563 501 2626 executionem
527 2559 698 2642 plenariam
718 2555 849 2618 minime
870 2557 912 2618 sit
933 2575 1123 2638 processum,
1144 2577 1202 2622 nos
1223 2559 1379 2622 dictorum
1400 2559 1590 2642 prelatorum

283 2667 315 2724 et
342 2660 417 2722 cleri
453 2654 667 2721 dbedie‘ntinm
700 2653 984 2737 supplicationibus
1013 2654 1170 2734 inclinati,
1200 2658 1382 2737 sententias,
1413 2665 1529 2722 statuta
1560 2663 1591 2722 et

284 2759 445 2836 mandata,
466 2774 522 2840 per
542 2755 710 2817 canonicos
731 2770 768 2813 ac
788 2752 980 2833 privationes
1002 2761 1032 2814 et
1052 2750 1235 2816 collationes
1275 2753 1499 2825 beneficiorum
1535 2775 1591 2839 per

282 2855 505 2919 Hermannum
531 2853 668 2936 prefatos
696 2856 804 2912 contra
831 2847 1013 2912 obedientes
1043 2849 1144 2912 eidem
1183 2849 1322 2914 Henrico
1355 2853 1589 2938 archiepiscopo

281 2950 468 3036 Maguntino
500 2956 531 3014 et
561 2965 772 3033 quoscunque
799 2946 878 3009 alios
902 2946 1099 3028 supradictos
1120 2947 1251 3012 clericos
1273 2955 1304 3012 et
1327 2949 1424 3012 laicos
1445 2952 1590 3025 civitatis,

282 3051 416 3114 diocesis
444 3054 475 3113 et
498 3048 660 3133 provincie
686 3044 872 3124 Maguntine
900 3044 939 3108 de
963 3044 1044 3108 facto
1068 3045 1205 3128 prolatas
1235 3047 1314 3110 facta
1341 3052 1373 3110 et
1400 3047 1505 3110 habita
1531 3067 1588 3112 seu

282 3153 477 3232 presumpta,
505 3155 536 3210 et
562 3144 715 3229 quicquid
735 3162 775 3206 ex
798 3146 915 3208 eisdem
938 3148 1109 3224 sententiis
1131 3147 1269 3224 statutis,
1297 3145 1464 3224 mandatis,
1484 3148 1588 3231 priva-

198 3300 201 3304 .
275 3246 423 3309 tionibus
442 3252 473 3309 et
494 3243 716 3308 collationibus
741 3232 792 3307 vel
817 3244 857 3307 ob
878 3263 916 3308 ea
936 3252 1078 3307 secutum
1101 3252 1163 3324 est,
1185 3261 1307 3307 necnon
1333 3243 1537 3308 investituras
1557 3251 1589 3311 et

282 3346 502 3407 concessiones
537 3341 706 3405 feudorum
747 3359 804 3406 seu
837 3341 1022 3405 donationes
1054 3351 1085 3406 ct
1121 3342 1340 3406 concessiones
1379 3359 1588 3424 quascunque

283 3457 547 3523 quorumcunque
577 3437 732 3502 bonorum
759 3445 790 3502 et
810 3440 950 3502 maxime
975 3438 1184 3503 immobilium
1214 3439 1423 3520 spectantium
1452 3439 1492 3502 ad
1516 3459 1587 3522 pre-

280 3537 381 3601 fatum
406 3537 674 3619 archiepiscopum
706 3542 738 3600 et
762 3537 927 3602 ecclesiam
955 3535 1174 3618 Magantinam
1205 3543 1300 3619 atque
1322 3536 1481 3620 homagia,
1511 3538 1587 3621 ligia

280 3641 311 3698 et
331 3636 473 3698 hominia
491 3654 528 3697 ac
545 3633 706 3698 fidelitatis
726 3641 930 3714 sacramenta,
950 3641 1073 3715 recepta
1096 3655 1115 3698 a
1136 3633 1382 3718 quibuscunque
1403 3635 1587 3700 hominibus

277 3733 462 3796 feudatariis
487 3751 544 3795 seu
565 3731 693 3794 vasallis
717 3732 854 3814 predicte
884 3731 1014 3796 ecclesie
1042 3731 1229 3814 Magantine
1257 3751 1312 3814 per
1339 3730 1458 3794 dictum
1485 3732 1586 3794 archi·

278 3832 461 3914 episcopum
475 3829 708 3907 Treverenscm,
725 3830 894 3893 canonicos
912 3839 942 3894 et
960 3829 1133 3912 capitulum
1150 3829 1293 3894 eiusdem
1304 3829 1434 3893 ecclesie
1451 3817 1585 3911 Magunf

278 3929 345 3991 tine
373 3948 430 3992 seu
457 3929 496 3991 de
522 3927 671 3990 mandato
693 3928 744 3990 vel
774 3929 958 3998 auctoritate
985 3929 1127 4010 ipsorum
1148 3929 1360 3990 communiter
1378 3927 1428 3990 vel
1449 3927 1585 4006 divisim,

279 4032 311 4089 et
331 4025 484 4111 quicquid
509 4045 551 4090 er
574 4027 620 4089 eis
646 4024 697 4087 vel
723 4024 762 4087 ob
790 4044 828 4088 ea
847 4031 993 4088 secutum
1017 4030 1077 4104 est,
1105 4027 1288 4088 auctoritate
1307 4025 1476 4106 apostolica
1496 4026 1585 4089 irrita

278 4123 345 4186 fore
365 4123 581 4203 decernimus,
607 4130 638 4186 et
657 4122 810 4206 quatinus
831 4121 870 4184 de
890 4121 971 4185 facto
995 4130 1222 4204 processerunt,
1241 4124 1426 4186 auctoritate
1447 4123 1584 4205 predicta

277 4222 311 4282 in
347 4221 472 4284 irritum
507 4239 706 4290 revocamus,
743 4219 871 4284 eosdem
902 4220 1046 4284 homines
1081 4219 1271 4284 feodatarios
1301 4227 1331 4282 et
1362 4221 1513 4293 vassallos
1543 4220 1582 4284 ab

276 4319 444 4402 homagiis,
468 4318 553 4400 ligiis
581 4326 612 4380 et
641 4318 827 4382 iuramentis
855 4317 1027 4397 predictis,
1045 4325 1196 4399 tanquam
1219 4321 1357 4401 prestitis
1378 4319 1443 4398 bis,
1465 4319 1583 4400 quibus

276 4417 408 4500 prestari
433 4417 473 4480 de
491 4418 560 4478 iure
581 4435 645 4478 nou
666 4424 810 4498 poteraut
830 4433 888 4478 nec
910 4413 1077 4495 debebant,
1105 4415 1214 4478 eadem
1245 4417 1429 4480 auctoritate
1456 4417 1583 4498 penitus

276 4514 474 4578 absolventes
512 4533 550 4576 ac
589 4515 767 4576 iuramenta
802 4512 941 4596 predicta
978 4513 1114 4582 totaliter
1151 4513 1343 4594 relaxantem
1383 4513 1582 4580 decernimus
