3525 5209
265 396 318 451 206
620 398 896 471 Gcsclrichtoquellen
914 398 965 453 der
984 399 1065 459 Prov.
1084 400 1215 456 Sacboen.

365 568 426 611 von
451 568 570 613 unseru
604 551 801 634 amptlnthen
837 551 1006 633 gemabnet
1038 552 1163 614 werden
1200 552 1259 614 mit
1287 549 1381 613 boten
1408 549 1484 612 oder
1514 549 1574 610 mit

372 645 491 710 briefen
513 666 554 710 zu
575 648 753 711 Arnstedte.

368 746 506 826 (leychen
529 752 616 811 1345
636 769 689 811 am
711 748 849 829 &natan
869 748 970 812 litore
991 749 1027 812 ia
1047 749 1102 813 dci·
1123 748 1308 812 recenseo.

415 862 526 931 Splltere
544 864 682 933 Abeclm'fl
699 866 737 918 im
753 866 945 935 Grosslrerzopl.
966 865 1004 921 St.
1024 867 1058 921 A.
1077 883 1112 919 aa
1136 865 1259 920 Weimnr.

417 950 517 1021 lainap,
537 952 573 1006 D.
587 952 784 1019 Reiclrsnrcliic,
803 960 870 1008 conl.
889 970 955 1021 spec.
973 955 1032 1007 eccl.
1054 954 1076 1007 Ι.
1096 954 1122 1010 S.
1141 958 1200 1008 211.

417 1038 557 1109 &helicen
574 1058 601 1094 a.
622 1040 747 1111 Kreyctp,
766 1041 1114 1112 contemperasset.

373 1194 376 1200 A
415 1126 601 1196 Reitaemtcin,
622 1130 670 1183 l.c.
682 1129 709 1185 S.
721 1134 778 1185 165.

272 1336 384 1419 nm.
410 1336 530 1418 narn
558 1338 614 1420 n.
642 1308 907 1423 omnnmn.
1481 1342 1571 1427 aaa.

365 1495 544 1573 Friedrich,
573 1493 748 1575 Londprnf
764 1514 821 1557 voa
848 1491 1036 1575 lliiirinyem
1058 1494 1175 1557 celerat
1195 1494 1246 1557 dic
1267 1494 1358 1557 Sindi
1378 1495 1495 1575 Erfurl
1515 1495 1573 1557 rard

366 1596 435 1657 dem
453 1591 555 1675 Dort'e
575 1592 734 1657 Zimmern
754 1591 824 1655 aad
843 1590 992 1655 Zulrediir.

415 1709 459 1767 Or.
479 1710 528 1763 mil
548 1708 574 1766 S.
593 1709 631 1761 iia
649 1706 712 1777 Kpl.
725 1706 763 1765 St.
776 1708 808 1761 A.
827 1724 861 1761 au
880 1707 920 1763 M.

344 1814 410 1877 Nos
442 1814 636 1891 Fridericrm‚
664 1812 724 1877 Dei
744 1815 849 1896 gracia
878 1812 1049 1897 Tlruringie
1069 1815 1279 1897 lantgravius,
1310 1814 1510 1896 Mysancnsis
1541 1822 1572 1877 et

264 1912 431 1975 Orientalis
453 1912 605 1990 marchia,
631 1930 736 1973 comes
757 1913 790 1973 in
813 1910 1007 1974 Orlamunde
1027 1912 1240 1995 dominusque
1261 1920 1342 1976 terre
1360 1914 1574 1994 Plysznensis,

263 2012 518 2093 recognoscimus
546 2016 576 2075 et
604 2010 642 2072 ad
672 2010 894 2073 universorum
923 2010 1073 2072 volumus
1101 2012 1247 2074 noticiam
1274 2014 1449 2093 pervenire,
1477 2015 1573 2097 qnod,

266 2108 340 2191 quia
355 2108 525 2191 prudentes
536 2109 595 2169 viri
608 2156 636 2169 ..
658 2107 804 2170 consules
826 2113 893 2170 et..
910 2108 1007 2189 jurati
1029 2127 1152 2171 necnon
1172 2113 1237 2170 tota
1258 2111 1472 2174 eomunrnitas
1495 2114 1572 2174 civi-

263 2206 336 2269 tatis
366 2204 588 2281 Erffordeusis‚
618 2204 726 2268 fidelos
757 2206 855 2267 nostri
888 2204 1008 2282 dilecti,
1039 2205 1116 2268 adeo
1147 2204 1281 2267 fideliter
1312 2208 1379 2269 suis
1404 2210 1489 2272 circa
1513 2228 1572 2272 rios

263 2303 424 2385 obsequiis
455 2302 562 2366 fideles
589 2308 809 2384 sogesserunt
834 2309 866 2364 et
896 2302 933 2364 ad
966 2302 1200 2385 reprimendum
1233 2304 1407 2385 specialiter
1432 2306 1572 2370 hostium

264 2406 443 2465 nostrorum
471 2402 671 2483 presencium
703 2401 849 2461 seviciam
883 2399 975 2461 nobis
1002 2400 1169 2481 hucusque
1199 2418 1350 2482 magnum
1382 2410 1414 2465 et
1434 2404 1573 2467 notabile

265 2498 441 2562 subsidium
477 2499 680 2581 prestiterunt
716 2502 746 2559 et
783 2496 886 2560 adhuc
923 2504 1061 2580 prestare
1102 2498 1190 2559 omni
1228 2516 1286 2560 sua
1329 2501 1472 2581 potencia
1506 2522 1570 2565 non

265 2602 433 2673 desistunt,
463 2598 546 2679 ipsis,
567 2596 792 2677 promissorum
823 2596 919 2677 digna
946 2596 1022 2657 moti
1046 2596 1180 2673 radone,
1207 2594 1313 2657 villani
1336 2595 1514 2661 Ozinnnern
1537 2601 1571 2663 in

265 2700 415 2760 comitatu
449 2694 538 2757 Bdclr
567 2700 598 2755 et
626 2692 703 2773 Wy,
732 2712 826 2774 qnam
857 2691 915 2755 Ilei
942 2698 973 2754 ct
998 2711 1107 2754 eorum
1135 2712 1171 2754 ac
1200 2694 1297 2754 eciam
1328 2692 1463 2759 oliorum
1494 2700 1573 2760 ami-

265 2814 375 2859 corum
403 2799 434 2858 et
462 2792 604 2855 fidelium
627 2797 805 2853 nostrorum
829 2790 950 2852 auxilio
971 2790 1228 2872 expugnavimus
1248 2798 1279 2852 et
1299 2793 1450 2873 cepimus
1471 2796 1574 2874 sitam,

265 2913 338 2956 crim
361 2890 535 2955 redditibus
557 2894 587 2951 et
605 2887 811 2969 pensionibus
832 2889 963 2954 annuis.
991 2895 1053 2949 tarn
1075 2887 1107 2948 in
1130 2886 1233 2954 blado.
1262 2908 1358 2969 quam
1382 2890 1415 2951 in
1438 2894 1574 2972 pet-troia

265 2992 342 3053 solvi
367 2990 479 3068 solide,
505 3006 577 3048 cum
600 2986 683 3067 agris
703 2984 796 3046 cultis
823 2992 854 3046 et
875 2986 1016 3062 incultis
1036 2984 1169 3064 rubetis,
1194 2987 1300 3067 pratis
1326 2989 1460 3069 pascuis
1480 2990 1574 3072 aquis

264 3104 485 3171 aquarumque
506 3082 706 3148 decursibus,
739 3082 935 3163 molendinis,
957 3084 1025 3144 iuro
1047 3088 1230 3165 patronatus
1258 3084 1468 3147 eamindicio
1500 3108 1573 3150 snii-

263 3186 371 3267 guiuis
384 3192 414 3247 ct
435 3184 533 3246 eciam
551 3181 621 3243 aliis
640 3180 831 3242 iudiciorum
857 3178 1021 3262 speciebus
1042 3179 1162 3240 invilla
1180 3186 1210 3241 et
1230 3181 1319 3261 pagis
1332 3181 1408 3244 ville
1429 3184 1571 3248 eiusdem

264 3290 295 3344 et
325 3280 512 3363 generaliter
540 3278 688 3339 orriuibns
718 3275 854 3353 iuribus,
881 3276 1068 3339 utilitatibus
1097 3284 1127 3339 et
1154 3276 1339 3357 bonoribus,
1360 3279 1478 3360 quibus
1501 3300 1570 3345 eant

266 3378 385 3442 nobiles
408 3378 467 3439 viri
492 3376 670 3438 Fridericus
702 3383 732 3437 et
754 3374 960 3437 Hermnunus
988 3376 1112 3446 fratres,
1145 3376 1274 3436 comites
1302 3375 1340 3436 de
1371 3374 1574 3461 Orlanmnde,

263 3478 383 3539 donnini
405 3477 436 3537 in
461 3472 603 3553 Wymnr,
626 3473 773 3535 habuisse
795 3478 985 3553 noscuntur,
1009 3492 1028 3533 a
1048 3472 1139 3534 nobis
1163 3472 1377 3554 nostrisque..
1403 3474 1572 3539 heredibus

264 3581 332 3637 et..
360 3573 493 3654 posteris
521 3570 604 3633 iusto
630 3570 711 3632 feodi
744 3570 836 3632 titulo
862 3569 1084 3651 possidendam
1112 3569 1306 3631 contulimus
1328 3576 1359 3633 et
1379 3574 1573 3637 conterimus

263 3668 476 3734 favorabiliter
504 3670 538 3729 in
566 3668 627 3730 hiis
655 3668 788 3751 seriptis.
836 3666 871 3728 ln
901 3667 994 3728 cuius
1021 3667 1067 3728 rei
1095 3667 1309 3729 testimouium
1331 3675 1362 3730 et
1381 3669 1570 3733 evidentiam

263 3768 435 3851 pleniorem
465 3767 547 3829 hanc
573 3765 707 3828 litteram
742 3764 837 3827 scribi
865 3766 1030 3846 nostrique
1054 3764 1248 3845 principatus
1277 3763 1369 3843 sigilli
1393 3768 1573 3830 nrnrrimine

263 3860 417 3929 iussimus
449 3863 602 3938 roborari,
634 3862 832 3945 presentibus
868 3871 900 3924 ct
930 3860 1063 3924 testibus
1085 3859 1263 3922 illustribus
1295 3860 1457 3930 lludollio,
1490 3864 1572 3926 dirce

264 3965 400 4029 Saxonis
427 3962 557 4027 seniore.
585 3960 743 4023 avunculo
765 3966 871 4022 nostro
888 3960 1063 4037 karissimo,
1084 3957 1214 4019 Alberto
1236 3960 1375 4041 principe
1394 3960 1425 4020 in
1445 3961 1573 4027 Anhalt.

263 4060 390 4122 domino
418 4062 448 4121 in
479 4058 633 4136 Kotlrene,
664 4060 782 4119 sororio
808 4062 915 4119 nostro
942 4055 1068 4135 dilecto,
1098 4063 1129 4118 et
1157 4054 1317 4117 nobilibus
1342 4055 1500 4118 Friderieo
1532 4059 1571 4121 de

263 4156 486 4237 Sulloninbirrg
505 4158 627 4219 seniore
648 4155 776 4218 domino
799 4156 830 4216 in
854 4154 1079 4224 Birssonstein,
1111 4152 1269 4214 Frirlerico
1290 4154 1328 4214 de
1349 4154 1573 4235 Sclroninbilrg

265 4256 395 4333 nonme,
418 4254 545 4316 domino
575 4255 606 4315 in
630 4253 860 4330 Crirnalsclrow,
878 4252 1022 4315 Botlrone
1043 4252 1081 4313 de
1094 4250 1221 4329 Ylbnrg
1242 4261 1347 4311 nostro
1370 4253 1571 4323 marschalco,

264 4350 406 4414 Conrado
437 4350 554 4414 Prlrzze
584 4358 689 4413 nostro
717 4350 950 4435 protlronotnrio
978 4356 1008 4411 ot
1034 4351 1172 4411 strenuis
1203 4347 1305 4409 Ulrico
1337 4348 1375 4409 de
1397 4350 1569 4412 Glatebacb

263 4450 376 4530 milite,
402 4446 553 4510 Heiurieo
585 4448 723 4531 dapifero
752 4448 790 4509 de
818 4446 947 4526 Bdrms,
978 4446 1108 4507 Alberto
1135 4446 1173 4507 de
1195 4444 1313 4507 Maltitz
1345 4446 1433 4507 curie
1465 4452 1573 4509 nostre

262 4546 368 4610 iudice
383 4544 593 4629 pluribusque
610 4544 680 4607 aliis
695 4544 869 4627 fidediguis.
911 4542 1031 4607 Datum
1052 4545 1086 4605 in
1104 4544 1240 4605 claustro
1261 4540 1464 4622 Oldisleyben
1485 4562 1572 4606 anno
