3525 5209
491 379 722 436 Urlrundenbuch
739 379 789 434 der
806 379 890 434 Stadt
908 379 1014 435 Erfurt.
1052 380 1091 437 Il.
1109 380 1194 438 Theil.
1449 383 1495 436 167

192 637 305 721 1341.
331 635 441 718 duni
468 635 528 717 lb.
1403 635 1497 721 203.

294 805 409 870 Deltae
452 804 605 869 Heinrich
646 805 716 868 uod
757 805 817 867 clas
857 805 983 886 Kopitel
1015 806 1069 868 (las
1099 805 1303 887 Severistiftes
1344 773 1498 871 moenum

292 906 374 968 aucb
395 904 566 979 ibrcrseita
589 904 664 966 dass
689 902 734 966 sae
754 907 774 965 4
795 902 899 966 Aclcer
928 902 1106 984 Wciuberyc
1124 923 1219 984 pepon
1240 903 1291 968 dic
1308 903 1421 986 Halm
1445 907 1498 969 des
1593 945 1598 956 ·

296 1003 453 1068 amares
472 1022 514 1066 ru
536 999 726 1065 Audislebeu
748 998 957 1079 cispetausclvt
975 999 1084 1066 baben.

345 1154 390 1214 Or.
409 1156 458 1209 mit
475 1155 554 1209 aerbr.
574 1153 600 1208 S.
618 1153 656 1206 ira
674 1151 831 1223 Keletrl.
850 1169 885 1206 aa
905 1153 944 1210 M.

272 1329 339 1394 Nos
368 1328 539 1394 Heinricus
564 1329 719 1408 decanus,
748 1327 899 1390 Albertus
927 1327 1109 1392 scolasticus
1138 1333 1169 1391 et
1195 1333 1297 1392 totum
1323 1331 1497 1413 capitulum
1549 1321 1551 1324 ’

191 1430 323 1491 ecclesie
356 1449 380 1491 s.
401 1427 509 1491 Severi
544 1425 743 1490 Ericrdensis
777 1426 1033 1508 recognoscimus
1068 1431 1098 1489 et
1129 1426 1189 1488 hiis
1221 1427 1344 1509 scriptis
1374 1426 1498 1509 publice

135 1567 139 1572 -
196 1527 345 1589 volumus
385 1533 450 1588 tam
491 1525 692 1607 presentibus
734 1543 830 1606 qnam
873 1524 1007 1606 posteris
1047 1523 1115 1587 fieri
1148 1525 1366 1603 manifestum,
1406 1525 1499 1606 quod,

192 1625 356 1687 communi
390 1628 525 1686 tractatu
559 1628 591 1685 et
617 1628 742 1684 matura
765 1621 994 1684 deliberacione
1020 1621 1190 1703 prehabitis
1233 1640 1269 1686 ac
1307 1621 1439 1686 utilitate
1469 1628 1500 1686 et

191 1722 358 1784 commodo
385 1720 515 1784 ecclesie
540 1727 646 1783 nostre
676 1719 881 1782 consideratis
907 1719 1036 1802 provide
1060 1725 1091 1782 et
1111 1739 1277 1802 propense,
1295 1720 1333 1782 de
1354 1721 1498 1783 omnium

193 1822 292 1883 nostri
314 1819 509 1902 beneplacito
531 1823 733 1882 etconseusu
751 1819 1004 1900 permutavimus
1019 1823 1050 1881 et
1067 1825 1284 1900 pennatamus
1301 1819 1500 1900 presentibus

192 1919 391 1981 medietatem
418 1916 645 1980 iurisdictionis
670 1915 852 1998 temporalis
878 1914 952 1978 ville
974 1915 1191 1996 Audisleyben
1218 1921 1248 1979 et
1274 1937 1374 1981 unum
1397 1917 1500 1999 pistri-

195 2035 273 2078 num
302 2016 335 2077 in
368 2016 436 2098 ipsa
464 2013 539 2076 villa
567 2013 683 2093 sitnm,
709 2013 748 2075 ad
777 2031 836 2076 nos
856 2019 888 2076 et
910 2019 1049 2076 cosmam
1071 2013 1234 2077 ecclesiam
1257 2015 1420 2096 usquead
1442 2016 1499 2078 hec

193 2123 334 2196 tempora
385 2112 578 2194 pertinentes
623 2110 821 2194 proprietatis
865 2111 973 2188 titulo,
1019 2113 1088 2174 iure
1139 2118 1321 2194 patronatus
1369 2113 1499 2176 ecclesie

191 2208 378 2294 parochialis
399 2209 481 2272 dicte
501 2208 574 2271 ville
589 2213 719 2291 excepto
735 2213 765 2272 et
781 2207 873 2272 uobis
891 2227 927 2270 ac
944 2208 1045 2272 eidem
1064 2214 1170 2273 nostm
1188 2210 1317 2274 ecclesie
1333 2216 1499 2290 reservato,

191 2328 267 2372 cum
288 2305 498 2391 prudentibus
519 2314 550 2370 et
570 2305 712 2370 discretis
732 2307 810 2369 viris
832 2353 857 2367 ..
880 2305 1039 2389 magistris
1059 2307 1241 2384 consulum,
1265 2356 1292 2371 ..
1313 2307 1498 2371 consulibus

190 2413 222 2470 ot
254 2406 457 2469 universitate
485 2404 621 2468 civitatis
653 2403 853 2467 Erfurdensis
882 2423 938 2486 pro
971 2408 1107 2486 quatuor
1127 2406 1211 2488 agris
1239 2407 1336 2480 vinei,
1367 2407 1435 2468 sitis
1465 2406 1498 2467 in

192 2505 312 2588 campis
332 2503 407 2566 ville
426 2500 656 2583 Walisleybeu,
687 2503 719 2564 in
750 2519 809 2564 nos
836 2509 867 2564 et
893 2507 1031 2566 nostram
1060 2501 1222 2566 ecclesiam
1250 2503 1420 2586 predictam
1446 2521 1500 2586 per

192 2605 293 2665 dictos
320 2601 466 2668 dominos
490 2648 521 2662 ..
543 2601 710 2682 magistros
734 2599 904 2663 consulum
937 2605 967 2663 et
988 2600 1065 2663 alios
1086 2603 1319 2682 prenominatos
1340 2619 1380 2663 ex
1402 2620 1498 2662 causa

193 2700 433 2784 permutationis
463 2697 647 2762 huiusmodi
680 2697 819 2781 plenarie
850 2698 912 2761 iarn
947 2697 1105 2760 translatis
1136 2705 1167 2761 et
1199 2697 1289 2760 uobis
1315 2697 1437 2760 traditis
1458 2697 1497 2759 ab

193 2799 326 2873 eisdem,
370 2816 469 2881 quare
509 2796 759 2861 iurisdictionem
801 2814 858 2858 seu
899 2796 969 2857 eius
1010 2803 1143 2878 partem,
1185 2803 1220 2858 ut
1253 2795 1438 2878 predicitur,
1469 2799 1500 2857 et

193 2897 362 2979 pistrinum
385 2895 524 2980 predicta
553 2913 627 2957 cum
654 2893 846 2971 ommium,
871 2891 989 2956 honore
1015 2897 1045 2955 et
1074 2893 1220 2972 utilitate,
1243 2892 1360 2975 quibus
1381 2893 1419 2956 ad
1441 2913 1500 2955 uos

193 3002 224 3059 et
245 2995 360 3057 dictam
381 2993 545 3057 ecclesiam
566 2997 706 3055 nostram
730 3009 831 3073 usque
851 2989 891 3052 ad
906 2989 963 3052 hec
980 2996 1120 3072 tempora
1136 2989 1351 3074 pertinebant,
1373 2991 1500 3073 prefatis

195 3142 221 3158 ..
242 3093 402 3175 magistris
422 3091 610 3169 consulum,
630 3088 852 3152 ..consulibus
865 3094 897 3152 et
912 3089 1111 3152 universitati
1130 3108 1166 3151 ac
1181 3090 1300 3150 civitati
1318 3087 1499 3151 Erfordeusi

192 3190 380 3252 tradidimus
406 3189 457 3252 vel
484 3188 576 3272 quasi
602 3193 633 3250 et
661 3185 815 3249 tradimus
849 3207 885 3250 ac
914 3188 945 3249 in
979 3188 1030 3249 ius
1056 3195 1087 3249 et
1112 3188 1330 3268 proprietatem
1358 3186 1498 3269 ipsorum

193 3298 224 3352 ct
249 3290 282 3350 iu
309 3307 363 3351 eos
393 3287 531 3371 plenarie
551 3285 772 3350 transtulimus
794 3292 824 3348 et
845 3285 1065 3348 mansierimus
1087 3303 1239 3348 excausa
1260 3284 1500 3367 permutationis

193 3385 343 3469 predicte,
370 3385 467 3448 nichil
496 3384 587 3448 nobis
614 3391 671 3447 aut
691 3383 829 3466 predicte
858 3389 963 3446 nostre
990 3381 1119 3445 ecclesie
1141 3382 1233 3458 iuria,
1254 3382 1395 3459 honoris,
1417 3381 1499 3444 utili-

193 3485 266 3547 tatis
291 3490 489 3547 reservantes
515 3485 643 3566 penitus
669 3483 702 3544 iu
731 3481 857 3544 eisdem.
898 3480 1109 3544 Premisimus
1132 3478 1356 3542 nichilominus
1377 3483 1408 3542 et
1429 3499 1498 3561 pro-

194 3583 349 3645 mittimus
370 3583 403 3644 in
426 3581 486 3644 hiis
508 3581 646 3663 scriptis,
668 3580 849 3643 memoratis
862 3628 867 3639 .
882 3628 888 3640 .
903 3579 1061 3660 uragistris
1082 3577 1301 3656 consulum..
1315 3575 1500 3639 consulibus

193 3690 225 3744 et
255 3681 452 3744 universitati
491 3679 627 3761 predicte
666 3679 742 3762 ipsis
770 3695 866 3759 super
893 3676 1108 3739 iurisdictione
1134 3683 1166 3738 et
1196 3675 1327 3756 pistrino
1352 3674 1500 3757 predictis

196 3779 281 3841 litem
312 3797 368 3840 sen
395 3778 641 3840 controversiam
673 3794 736 3838 non
765 3775 881 3837 inferre
908 3781 964 3836 aut
991 3772 1138 3836 inferenti
1170 3771 1404 3855 quomodolibet
1425 3791 1500 3834 con-

195 3876 327 3953 sentire,
351 3875 407 3938 sed
434 3877 519 3958 ipsus
546 3874 585 3937 de
606 3873 825 3937 iurisdictione
852 3879 884 3935 et
909 3873 1041 3954 pistrino
1065 3870 1221 3934 iamdictis
1247 3871 1441 3933 auctorizare
1469 3875 1500 3933 et

194 3973 393 4037 iusticialiter
427 3973 625 4043 warandare.
662 3989 785 4035 necnon
829 3970 868 4033 ab
909 3971 1109 4053 impeticione
1140 3967 1366 4051 quorumlibet,
1407 3973 1501 4050 prout

194 4073 291 4135 moris
320 4077 351 4134 et
377 4071 457 4133 iuris
478 4077 538 4148 est,
559 4071 689 4134 reddere
709 4069 825 4132 liberos
846 4075 877 4131 et
897 4067 1093 4150 indempnes.
1137 4066 1173 4128 ln
1196 4085 1331 4149 quorum
1354 4067 1497 4128 omnium

192 4179 224 4233 et
256 4169 456 4250 singulorum
478 4169 694 4231 testimonium
711 4166 850 4249 sigillum
867 4165 996 4248 capituli
1013 4166 1111 4228 nostri
1131 4165 1284 4227 duximus
1302 4163 1500 4246 presentibus

192 4266 424 4350 apponendum.
455 4264 576 4329 Datum
594 4285 678 4328 anno
695 4263 822 4327 Domini
843 4263 1010 4326 millesimo
1028 4263 1247 4326 trecentesimo
1259 4261 1499 4344 quadragesimo

192 4366 308 4452 primo,
327 4365 361 4426 iu
381 4362 431 4428 die
453 4362 534 4428 beati
560 4361 623 4426 Viti
646 4363 801 4443 martyris.
