3525 5209
258 373 309 427 136
618 369 892 440 Gescbichtsquelleu
911 369 960 424 der
977 371 1055 424 Prov.
1069 369 1200 426 umnam

257 521 408 604 spectioni
441 524 543 588 vestre
568 522 814 597 committimus,
845 526 1016 602 quatenus,
1043 521 1070 584 si
1093 524 1141 583 est
1162 519 1214 597 ita,
1243 523 1409 601 postquam
1432 518 1566 582 dons‚.

256 618 374 683 decano
397 619 530 702 eiusque
550 617 702 682 fratribus
722 619 872 682 iniuriam
893 619 1003 701 passis,
1024 618 1051 680 si
1073 635 1136 690 non
1160 615 1387 695 satisfecerunt,
1408 615 1457 678 ad:
1470 616 1567 680 vestri

256 716 492 780 ordinacionem
529 718 598 780 sive
631 715 797 780 arbitrium
828 715 1037 778 satisfecerint
1075 720 1303 796 competenter,
1330 713 1566 796 prenominatos

255 815 421 895 magistros
457 813 641 893 consulum,
674 819 825 887 rectores,
864 812 1011 876 consules
1046 831 1083 876 uc
1119 829 1229 874 eorum
1269 811 1437 894 utriusque
1468 829 1566 874 sexus

254 911 412 994 conplices
438 931 474 974 ac
500 930 611 975 omnes
635 912 713 974 alios
735 917 772 980 ;et
797 910 940 993 siugulos
970 909 1142 992 culpabiles
1174 910 1207 973 in
1234 909 1409 991 premissis,
1434 907 1566 972 edictis

253 1008 621 1072 excommunicationum
650 1009 820 1072 sentenciis
855 1013 886 1070 et
920 1008 1009 1090 penis
1040 1006 1210 1070 absolvatis
1241 1007 1276 1070 in
1301 1006 1403 1070 forma
1434 1005 1566 1070 ecclesis

255 1112 422 1183 consueta,
461 1111 506 1181 et,
541 1107 683 1188 ipsorum
715 1104 808 1194 culpa
838 1104 1005 1186 diligenter
1034 1104 1246 1183 considerata,
1281 1104 1456 1185 iniungatis
1490 1101 1565 1167 iude

254 1221 364 1266 eorum
393 1202 523 1266 cuilibet
551 1206 736 1270 auctoritate
763 1205 901 1287 predicta
926 1204 1129 1286 penitentiam
1159 1201 1329 1266 salutarem
1356 1207 1387 1265 et
1406 1201 1481 1280 alla,
1503 1221 1566 1283 qne

252 1301 291 1365 de
325 1302 395 1364 iure
428 1301 547 1364 fuerint
581 1302 786 1385 iniungenda.
828 1301 946 1366 Datum
981 1301 1140 1365 AvInione
1175 1298 1280 1362 XIIII.
1311 1296 1381 1362 Kal.
1412 1297 1562 1378 Ianuarii,

255 1397 456 1481 pontificatus
477 1398 597 1462 domini
617 1397 781 1464 Benedicti
803 1420 882 1483 pape
903 1398 976 1463 XII.
998 1417 1082 1462 anuo
1104 1397 1250 1462 secundo.

332 1493 399 1560 Nos
424 1495 522 1577 igitur
550 1496 612 1559 hiis
635 1496 747 1560 liiteris
774 1497 819 1561 sic
844 1499 978 1580 receptis
1000 1497 1039 1562 ad
1070 1496 1255 1558 instructam
1286 1493 1323 1556 G.
1345 1494 1375 1556 d.
1397 1491 1430 1558 L
1452 1499 1484 1557 et
1504 1493 1558 1556 Th.

251 1592 280 1656 d.
301 1593 333 1658 S.
356 1593 579 1675 magistrorum
603 1595 786 1672 consulum,
814 1594 855 1658 H.
885 1595 923 1660 de
949 1594 984 1658 a
1010 1601 1042 1658 et
1067 1593 1121 1656 rh.
1150 1593 1224 1656 dicti
1251 1591 1371 1656 Unsote
1397 1598 1565 1667 rectorum,

251 1695 491 1773 cetemrumque
518 1692 742 1774 magistrorum
770 1693 953 1770 consulum,
980 1697 1136 1756 rectorum
1171 1698 1202 1754 et
1233 1690 1366 1754 allorum
1395 1688 1564 1753 consulum

258 1788 466 1871 opidanorum
477 1787 717 1854 Erfurdensium
736 1797 767 1854 et
778 1790 1005 1854 nonnullorum
1018 1789 1152 1852 aliorum
1164 1787 1326 1868 laycorum
1341 1806 1450 1852 eorum
1462 1789 1496 1850 in
1508 1786 1567 1850 hac

253 1891 341 1969 parte
353 1885 532 1969 conplicum
549 1890 581 1949 et
596 1887 769 1951 ianitorum
790 1888 1001 1970 predictorum
1018 1887 1110 1950 nobis
1126 1886 1288 1950 humiliter
1309 1885 1567 1969 supplicantium,

254 1989 292 2047 ut
302 1985 394 2047 iuxta
403 1983 539 2048 formam
550 1984 643 2048 nobis
651 1985 798 2048 badium
809 1985 848 2048 ad
862 1984 1098 2048 absolucionem
1111 1983 1171 2048 sibi
1181 1985 1427 2067 asuprascrIptis
1437 1983 1567 2065 peniset

254 2082 423 2146 sentenciis
434 2081 680 2164 impendendam
691 2083 858 2166 procedere
869 2083 1083 2164 dignaremur,
1094 2083 1236 2164 ipsorum
1247 2099 1342 2164 super
1354 2081 1411 2144 hoc
1423 2079 1565 2143 inclinati

259 2177 406 2262 precibus
428 2180 466 2243 ad
488 2181 713 2244 execucionem
729 2186 761 2246 et
776 2182 1014 2264 expedicionem
1029 2179 1121 2244 nobis
1137 2199 1191 2262 per
1208 2180 1436 2263 suprascriptas
1446 2177 1566 2240 litteras

255 2277 419 2342 commissi
434 2279 556 2360 negocii
567 2279 733 2361 procedere
743 2280 917 2362 cupientes,
925 2279 1074 2362 inspectis
1085 2285 1116 2342 et
1125 2278 1315 2342 examinatis
1325 2275 1443 2340 eisdem
1454 2275 1566 2338 litteris

255 2375 434 2456 diligenter,
465 2374 618 2457 inquisita
649 2381 682 2440 et
711 2378 842 2440 inventa
875 2395 949 2440 cum
986 2375 1154 2458 diligencia
1186 2377 1315 2440 veritate
1346 2391 1442 2456 super
1476 2373 1565 2436 satis·

252 2472 388 2536 factione
408 2473 597 2555 competenti
618 2475 760 2556 inpensa,
779 2494 875 2557 supra
896 2475 1020 2557 scrIptis
1040 2473 1176 2538 dominis
1198 2471 1238 2538 H.
1260 2472 1389 2548 decano,
1411 2469 1451 2536 Η.
1474 2474 1506 2534 et
1524 2468 1566 2534 Η.

255 2570 323 2637 auis
343 2569 494 2634 fratribus
511 2571 661 2635 iniuriam
685 2573 794 2655 passis,
815 2577 909 2654 prout
923 2574 956 2636 in
979 2573 1200 2654 suprascriptis
1214 2571 1290 2634 locis
1305 2575 1353 2634 est
1371 2587 1566 2652 expressum,

254 2687 291 2731 ac
310 2667 382 2730 aliis
399 2667 639 2734 condicionibus
666 2675 697 2733 et
723 2669 875 2732 clausulis
903 2670 981 2752 ipsis
1001 2669 1114 2732 litteris
1134 2670 1276 2748 insertis,
1297 2685 1421 2732 necnon
1440 2665 1511 2728 aliis
1531 2666 1566 2728 in

253 2765 438 2830 huiusmodi
475 2768 606 2848 negocio
644 2766 856 2850 inquirendis,
893 2769 1072 2849 sapientum
1111 2767 1343 2830 communicato
1372 2763 1503 2828 consilio
1535 2769 1566 2828 et

254 2863 428 2928 observatis
458 2863 529 2930 aliis
560 2863 781 2944 observandis,
811 2864 946 2947 prefatos
980 2865 1015 2928 G.
1048 2869 1079 2927 et
1108 2863 1162 2930 Th.
1192 2865 1358 2947 magistros
1387 2862 1566 2938 consulum,

254 2959 296 3026 H.
325 2968 358 3024 et
382 2960 436 3025 Th.
466 2969 603 3026 rectores
634 2968 818 3045 ceterosque
846 2963 1013 3046 magistros
1045 2963 1229 3041 consulum,
1262 2966 1398 3026 rectores
1427 2964 1458 3023 et
1488 2959 1566 3024 alios

253 3059 409 3139 consules,
429 3060 581 3142 opidanos
600 3059 807 3125 Erlordenses
836 3067 867 3124 et
888 3060 1059 3124 nonnullos
1085 3059 1164 3124 alios
1190 3059 1299 3140 laycos
1320 3077 1430 3122 eorum
1450 3058 1485 3122 in
1506 3057 1565 3122 hac

254 3164 341 3240 parte
362 3159 532 3240 utriusque
552 3177 650 3222 serus
670 3158 828 3241 conplices
844 3164 877 3222 et
896 3157 1061 3237 fauttores,
1081 3176 1118 3220 ac
1140 3175 1251 3222 omues
1272 3157 1350 3222 alios
1371 3163 1402 3218 et
1423 3155 1566 3238 singulos

255 3255 428 3338 culpabiles
447 3256 482 3318 in
503 3257 666 3338 premissis
686 3255 726 3319 ab
748 3257 1114 3320 excommunicationum
1137 3256 1305 3320 sentenciis
1327 3260 1357 3318 et
1383 3254 1481 3338 penis,
1501 3260 1566 3318 tem

256 3374 275 3415 a
295 3372 416 3417 canone
431 3373 528 3436 quam
544 3372 600 3436 per
617 3359 734 3421 statuta
750 3353 916 3434 synodalia
928 3360 960 3418 et
978 3352 1182 3436 provincialia
1198 3359 1308 3416 contra
1323 3371 1377 3416 eos
1391 3371 1567 3437 eorumque

256 3469 361 3533 usque
390 3452 430 3515 ad
451 3457 595 3535 quartam
627 3453 868 3536 generacionem
890 3457 1031 3535 posteros
1049 3452 1098 3515 vel
1119 3451 1197 3516 alias
1218 3451 1453 3533 quomodolibet
1469 3471 1566 3536 gene·

256 3549 363 3614 raliter
390 3549 617 3632 promulgatas,
650 3570 731 3632 quas
755 3551 928 3614 incurrisse
950 3557 1141 3629 noscuntur,
1167 3556 1261 3632 prout
1288 3551 1322 3611 iu
1345 3550 1565 3632 suprascriptis

256 3647 369 3710 litteris
389 3653 438 3712 est
458 3666 654 3729 expressum,
674 3649 858 3712 auctoritate
875 3648 1007 3731 predicti
1023 3648 1143 3712 domiui
1155 3645 1319 3712 Ganoeliui
1339 3648 1566 3730 penitenciarii,

257 3747 356 3810 immo
376 3745 484 3808 verius
502 3745 674 3827 apostolica
704 3746 796 3812 nobis
817 3747 931 3812 tradita
964 3746 997 3810 in
1028 3748 1085 3810 hac
1115 3751 1202 3828 parte
1231 3744 1427 3808 absolemus
1453 3746 1486 3808 in
1507 3742 1567 3810 Dei

258 3843 387 3907 nomine
420 3844 453 3905 in
484 3842 547 3906 hiis
580 3843 718 3926 scriptis,
749 3845 879 3908 salutari
909 3845 1088 3928 penitencia
1128 3845 1204 3927 ipsis
1234 3847 1267 3906 et
1296 3861 1406 3906 eorum
1438 3843 1567 3910 cuilibet

258 3941 400 4023 ipsorum
421 3940 515 4024 culpa
541 3941 688 4022 exigente
715 3948 746 4004 et
771 3942 842 4006 aliis
868 3941 1074 4023 iniungendis
1105 3942 1144 4005 de
1169 3943 1238 4004 iure
1266 3940 1358 4004 nobis
1384 3943 1567 4006 auctoritate

258 4039 397 4122 predicta
415 4039 450 4101 in
469 4044 631 4122 posterum
646 4042 821 4104 reservatis
863 4039 980 4104 Datum
997 4039 1140 4104 Ericrdie
1153 4059 1236 4102 anno
1254 4036 1383 4102 Domini
1401 4038 1566 4104 millesimo

258 4137 479 4200 trecentesimo
500 4138 658 4200 trIcesimo
678 4139 827 4220 septimo,
856 4143 967 4222 quarto
988 4137 1054 4202 Kal.
1075 4136 1165 4212 Maii,
1194 4137 1254 4200 hoc
1272 4142 1320 4200 est
1339 4133 1495 4200 XXVIII.
1517 4137 1567 4202 die

259 4235 380 4298 mensis
400 4234 533 4317 Aprilis,
553 4235 694 4298 eiusdem
717 4234 779 4300 diei
800 4237 876 4299 hora
898 4241 997 4314 sexta,
1017 4235 1189 4298 indictione
1210 4235 1335 4316 quista,
1365 4234 1567 4317 pontificatus

261 4332 451 4396 sanctissimi
478 4331 513 4394 in
534 4330 656 4396 Christo
682 4333 781 4415 patris
808 4353 845 4396 ac
873 4333 1008 4411 domiui,
1037 4333 1157 4397 domini
1178 4331 1356 4406 Benedicti,
1387 4332 1484 4412 digna
1507 4331 1567 4396 Dei

260 4430 461 4513 providencia
476 4449 556 4514 pape
572 4429 648 4494 XII.
669 4450 753 4494 anno
770 4432 870 4509 tertio,
892 4432 925 4494 in
946 4431 1040 4494 choro
1057 4431 1238 4494 monasterii
1255 4430 1387 4493 bobum
1406 4428 1566 4494 Minorum
1646 4459 1647 4462 ¹

262 4528 502 4594 Error-densium
521 4528 709 4612 Mogontine
742 4530 884 4608 diocesis,
904 4528 1103 4613 presentibus
1129 4529 1283 4611 religiosis
1309 4529 1396 4608 viris,
1417 4529 1567 4611 magistro
