3525 5209
276 380 311 437 82
642 376 915 449 Geselriclrtsquellen
935 376 984 429 der
1002 377 1082 433 Prov.
1098 376 1228 431 Sachsen.

277 554 334 617 daz
368 555 426 615 wir
454 553 515 633 dyc
542 552 673 615 lierbem
705 558 893 635 gestrcngeu
926 552 1032 613 1111111
1063 548 1150 612 uode
1187 564 1395 619 1111111111
1423 542 1583 607 Fritsclteu

280 670 337 712 von
363 650 568 713 Witaeleiben
597 670 655 713 ezu
681 651 737 713 der
755 649 963 733 Elgersburg,
986 646 1198 728 Dythericlreu
1228 664 1291 706 von
1312 640 1475 705 Kirclreim
1501 641 1586 703 unde

278 746 430 811 Heinrich
453 767 515 811 von
539 744 715 831 Lengevelt,
737 748 848 809 vvollen
870 744 1128 829 guetlichenund
1148 740 1390 825 getruweliclren
1420 739 1505 802 losen
1530 757 1587 798 vor

279 845 517 926 caueyhundert
538 844 652 908 schoola
672 864 783 927 grozer
805 862 916 928 pragen
932 843 1106 926 pltcningo,
1134 841 1219 903 uude
1249 858 1316 901 waz
1339 838 1377 900 da
1397 837 1586 919 geteidiuget

279 945 319 1006 ist
341 958 402 1004 von
435 962 531 1006 unser
562 962 654 1023 weyn
685 960 768 1025 geyn
791 942 851 1004 den
881 942 1115 1003 ralesmeistern
1137 958 1196 1000 cau
1219 936 1352 1013 Erfurtc,
1373 936 1428 996 des
1447 933 1507 995 vvol
1529 934 1586 992 vvir

280 1060 358 1104 11111
393 1047 605 1121 1111111111111
636 1040 752 1121 borgee
784 1038 1007 1120 getruweliche
1046 1037 1133 1099 losen
1170 1055 1230 1098 ane
1266 1034 1423 1115 allerlcige
1452 1032 1586 1113 argelist.

277 1138 372 1201 Were
392 1139 483 1215 ouch,
501 1138 558 1201 daz
581 1138 642 1219 dyo
661 1145 778 1216 vesten,
800 1137 860 1217 dye
871 1138 932 1199 den
944 1154 1001 1197 vor
1011 1140 1168 1217 genanten
1181 1133 1298 1216 bergen
1311 1152 1368 1195 czu
1382 1131 1506 1214 pbande
1517 1134 1586 1205 stet,

277 1236 417 1300 Ylmeoa
441 1237 507 1299 und
529 1237 585 1300 daz
609 1237 665 1299 dar
683 1234 871 1317 czugebrirt,
893 1233 1130 1316 abegewdnuen
1147 1233 1252 1294 worde
1274 1231 1349 1293 oder
1361 1228 1516 1302 vdrloren,
1531 1228 1587 1289 des

278 1335 340 1399 liet
366 1336 451 1398 nicht
480 1334 627 1412 enwolle,
656 1352 690 1396 so
722 1331 803 1395 sullc
830 1334 888 1393 wir
908 1350 989 1394 unse
1016 1331 1243 1412 vorgcscreben
1272 1329 1393 1409 burgen
1417 1326 1505 1389 lesen
1528 1345 1587 1388 ane

279 1432 423 1497 sebaden.
465 1430 530 1495 (lan
557 1450 650 1512 eyme
680 1430 824 1494 orkunde
846 1432 930 1493 uude
952 1436 1147 1513 vestemmge
1167 1428 1216 1490 dir
1236 1448 1294 1489 vor
1313 1424 1482 1507 geserebeo
1505 1425 1588 1505 rede,

278 1531 333 1596 des
353 1530 454 1613 geben
471 1532 530 1592 wir
546 1548 648 1593 unsen
671 1530 756 1593 ulieu
779 1529 861 1593 brief
877 1534 968 1592 uuter
988 1546 1121 1591 unseme
1143 1522 1587 1605 11111111111111111111111111Ι

283 1634 369 1691 111111
389 1626 476 1690 Brief
495 1630 535 1691 ist
554 1626 696 1711 gegeben
716 1629 797 1690 nach
814 1626 913 1689 Getes
931 1625 1042 1707 gebort
1060 1631 1166 1689 tusent
1182 1626 1232 1705 jar
1254 1622 1313 1684 drit
1336 1622 1534 1699 hundertjur
1555 1622 1586 1682 in

278 1728 369 1789 dente
389 1745 450 1807 eyn
474 1726 559 1790 nude
580 1726 823 1807 ‹lriczczigesten
842 1726 919 1807 jare,
940 1745 979 1787 111
1002 1725 1058 1787 der
1079 1723 1295 1786 mittemoehen
1315 1720 1395 1782 111111
1408 1717 1588 1780 scutellar-

279 1826 342 1887 lins
364 1831 432 1905 tage
453 1824 609 1887 allemest.

281 2078 388 2163 1331.
417 2078 665 2163 December.
689 2080 755 2161 ⁶24.
784 2079 1035 2159 Frnrrlrturt
1493 2074 1588 2155 ltili.

381 2218 526 2299 Ludwlp,
560 2219 727 2282 v'dme'sclvcr
757 2220 890 2293 Kaisar,
927 2218 1026 2282 erlcill
1057 2220 1112 2279 der
1146 2216 1237 2279 Studl
1265 2216 1383 2297 Erfurl
1412 2216 1463 2277 cic
1489 2213 1590 2275 Mess-

377 2316 587 2397 1111111ρί111.

432 2436 475 2489 (lv,
497 2434 648 2487 1111112111
667 2433 729 2501 Kpl.
751 2434 788 2487 St.
809 2434 844 2486 Α.
866 2450 901 2486 art
921 2434 953 2486 Μ

432 2504 556 2571 Dulberu,
578 2504 711 2571 Erfiartrr
728 2504 892 2572 Haavdlamp,
911 2505 937 2561 S.
957 2506 1001 2557 43.

430 2572 508 2627 Blet
531 2574 573 2627 Na·
596 2578 671 2628 1397.

360 2696 560 2775 Luduwicns,
582 2695 639 2759 Dei
659 2698 761 2778 gratia
771 2694 985 2760 Romanorum
1004 2699 1173 2781 imperator
1194 2716 1317 2780 semper
1338 2704 1504 2778 atrgustus,
1516 2715 1591 2779 pru-

281 2795 429 2859 dentibus
452 2796 529 2857 viris
550 2799 580 2857 et
602 2794 746 2857 discretis
767 2797 926 2878 magistris
947 2797 1128 2874 consulum,
1148 2795 1333 2857 consulibus
1349 2803 1381 2857 et
1394 2795 1591 2857 universitati

282 2892 472 2971 Erfurdensi,
493 2891 639 2955 fidelibus
660 2893 727 2955 suls
747 2894 878 2970 dilectis,
891 2895 1023 2975 gratiam
1041 2914 1131 2955 suam
1149 2899 1180 2956 et
1196 2912 1290 2955 omne
1306 2892 1436 2957 bonum.
1466 2892 1591 2967 eranto

282 2991 462 3055 ferventiori
489 2990 642 3053 desiderio
670 2992 856 3069 commodis,
884 2991 1057 3053 bonoribus
1083 2997 1114 3053 et
1141 2990 1331 3054 utilitatibus
1359 2994 1539 3073 principum
1562 2997 1593 3051 et

286 3088 420 3151 aliorum
443 3088 565 3169 imperii
587 3086 729 3149 fidelium
751 3094 783 3150 et
804 3088 1003 3151 subditorum
1016 3096 1196 3151 nostrorum
1212 3090 1342 3151 sollicite
1358 3096 1464 3151 nostre
1477 3091 1593 3151 mentis

285 3184 496 3249 sollicitudine
518 3184 725 3261 intendimus
746 3190 832 3247 tanto
853 3185 1053 3269 imperatorie
1073 3188 1246 3249 maiestatis
1268 3194 1374 3249 nostre
1392 3186 1591 3249 elementiam

287 3284 403 3347 honore
432 3288 464 3345 et
488 3281 588 3362 gloria
613 3280 771 3344 eredimus
798 3283 968 3347 sublimius
995 3284 1167 3346 sublimari.
1210 3283 1295 3346 Hinc
1316 3291 1371 3361 est,
1393 3282 1476 3366 quod
1500 3302 1593 3346 vene-

288 3380 394 3443 rabilis
406 3378 616 3456 BaldewinuS,
637 3378 837 3443 Trevereosis
857 3381 988 3443 ecclesie
1009 3384 1262 3465 archiepiscopus
1276 3382 1424 3464 sedisque
1437 3380 1593 3463 1111111111-

287 3480 397 3541 nensis
425 3476 618 3558 gubernator
640 3484 671 3539 11
697 3476 860 3551 defensor,
890 3481 1034 3562 princeps
1058 3487 1162 3543 noster
1183 3481 1305 3542 sincere
1327 3480 1476 3554 dilectus,
1498 3500 1592 3561 quem

288 3578 380 3639 etiam
403 3594 422 3637 1
443 3576 603 3637 retroactis
631 3574 824 3657 temporibus
854 3576 993 3655 fidelem,
1025 3579 1186 3640 sincerum
1213 3580 1298 3639 etin
1320 3579 1498 3640 sinceritate
1520 3596 1594 3639 eon-

289 3682 422 3735 stantem
443 3671 568 3735 oculata
592 3670 654 3735 lide
680 3674 900 3755 cognovimus,
926 3675 1082 3755 augustali
1104 3682 1212 3738 nostre
1234 3676 1415 3755 clementie,
1447 3682 1483 3737 ut
1504 3676 1594 3737 vobis

290 3770 450 3833 utrudiuas
472 3769 668 3832 universales
687 3789 761 3832 cum
772 3772 882 3845 modis,
902 3772 1137 3835 conditionibus
1148 3780 1179 3836 et
1200 3774 1473 3856 solempnitatibus
1495 3771 1595 3835 solitis

289 3875 320 3929 et
342 3865 459 3947 quibus
481 3868 611 3945 institui,
635 3868 769 3930 conferri
791 3888 845 3931 seu
865 3870 993 3932 concedi
1011 3878 1253 3950 consueverunt,
1274 3890 1315 3933 ex
1328 3891 1411 3934 novo
1422 3873 1596 3946 instituere,

289 3966 430 4029 conferre
450 3972 480 4028 ct
502 3966 672 4029 concedere
694 3966 911 4047 dignaremur,
932 3968 1094 4031 humiliter
1114 3969 1311 4051 supplicavit.
1344 3968 1443 4031 Citius
1465 3968 1592 4051 uiridem

292 4060 437 4142 precibus
466 4070 496 4125 et
523 4064 681 4135 instantiis
702 4064 915 4127 favorabiliter
940 4068 1114 4132 annuimus
1141 4078 1172 4129 et
1198 4067 1351 4130 duximus
1378 4066 1596 4131 annuendum.

291 4160 413 4222 civitati
434 4167 537 4223 vestre
555 4161 706 4245 predicte,
732 4165 864 4245 posteris
892 4168 923 4227 et
944 4164 1180 4227 suecessoribus
1201 4167 1331 4244 vestris,
1361 4166 1445 4227 uatis
1472 4172 1503 4227 et
1523 4184 1595 4226 nas-

292 4258 417 4333 cituris,
447 4278 532 4321 11111
554 4258 804 4323 inhabitantibus
825 4267 855 4323 et
884 4260 1096 4324 inhabitandis
1121 4281 1161 4324 ex
1188 4263 1277 4324 solite
1298 4264 1470 4325 maiestatis
1490 4270 1597 4325 nostre

293 4354 397 4417 debito
428 4356 648 4437 concedimus,
684 4358 882 4421 instituimus
916 4365 947 4421 et
977 4358 1169 4421 conferimus
1199 4360 1396 4423 universales
1426 4360 1595 4440 nundinas,

293 4471 427 4535 quartam
451 4472 529 4515 usus
550 4459 581 4516 et
601 4456 858 4519 convenientium
880 4455 941 4518 sub
958 4456 1060 4519 debite
1076 4459 1162 4541 pacis
1176 4455 1376 4521 observantia
1390 4458 1596 4521 commoditas

293 4550 420 4617 alteruis
441 4558 626 4634 procuretur
646 4554 856 4634 commerciis,
881 4573 938 4636 per
959 4553 1031 4619 dive
1055 4555 1280 4619 recordatiouis
1299 4554 1517 4620 Romanorum
1537 4558 1597 4619 im·
