3525 5209
493 422 724 478 Urlrundenbuoh
743 423 792 478 der
810 423 894 478 stadt
911 425 1015 480 Erfurt¹
1052 425 1091 483 ΙΙ.
1104 423 1190 480 lbeil.
1446 428 1495 484 601

193 577 359 645 airxilium.
380 576 548 640 consilium
571 577 620 640 vel
636 576 784 655 favorem,
805 583 835 640 et
855 577 934 656 aliis,
955 575 1275 660 quedeiurefuerint
1296 580 1501 662 iniungenda,

193 696 230 738 ac
252 677 383 758 insuper
403 675 577 753 interdicta,
600 676 717 758 quibus
740 677 930 739 monasteria
952 679 982 738 et
1001 675 1068 738 loca
1089 675 1298 740 ecclesiastica
1319 697 1355 740 ac
1370 677 1497 760 opidum

195 774 396 846 Erfurdense,
424 780 533 849 castra,
560 775 633 837 ville
664 780 694 838 et
716 775 784 837 loca
811 775 956 837 territorii
982 780 1014 836 et
1039 774 1199 837 districtus
1227 776 1409 839 huiusmodi
1431 796 1500 860 pro-

194 873 375 949 consulum,
405 873 572 935 consulum
600 879 631 937 et
657 873 864 955 opidanorum
897 879 927 934 et
955 874 1001 935 eis
1031 873 1249 936 adherentium
1278 893 1400 937 necnon
1429 877 1501 939 uni·

195 973 351 1034 versitatis
388 977 418 1033 el
454 972 692 1034 communitatis
729 971 940 1053 predictorum
981 970 1234 1053 delinquentium
1273 974 1303 1034 in
1341 974 1501 1056 premissis

193 1077 319 1154 propter
344 1069 526 1132 huiusmodi
553 1089 662 1132 eorum
685 1070 793 1151 culpas
815 1077 921 1132 essent
942 1071 1110 1152 supposita,
1132 1091 1168 1132 arc
1189 1071 1375 1150 iuramenta,
1395 1070 1434 1134 ab
1455 1073 1501 1134 eis

193 1190 248 1233 sou
271 1188 379 1231 marrim
402 1168 498 1229 {altero
520 1169 640 1231 ratione
658 1188 712 1231 seu
736 1170 899 1230 iiircasione
930 1187 1195 1251 quorumcunque
1224 1169 1502 1250 consuetudinum,

196 1288 282 1343 usus,
298 1264 532 1349 privilegiorum
548 1265 595 1328 vel
612 1271 800 1329 statutorum
816 1267 863 1328 vel
879 1267 965 1342 uliae,
979 1265 1070 1328 nobis
1083 1272 1115 1329 et
1130 1266 1210 1329 dieto
1221 1266 1361 1330 Romane
1372 1267 1502 1332 ecclesio

194 1367 328 1446 eliasque
346 1363 493 1426 fidelibus
515 1363 652 1426 obnoxia
673 1384 728 1428 seu
751 1364 923 1436 centraria,
945 1363 1106 1426 relaxandi
1129 1371 1159 1428 et
1185 1366 1409 1428 nichilominus
1427 1387 1499 1429 cum

195 1465 338 1548 personis
359 1463 577 1526 ecclesiasticis
599 1463 797 1545 supradictis,
818 1463 1015 1526 secularibus
1033 1468 1063 1526 et
1084 1463 1289 1547 regularibus,
1311 1484 1404 1548 super
1426 1467 1500 1527 irre-

193 1563 367 1642 gularitate,
389 1562 414 1623 si
434 1581 529 1642 qrnun
551 1561 597 1623 sic
618 1562 704 1641 ligati
720 1581 756 1624 ac
768 1563 799 1623 iu
812 1561 889 1624 loris
901 1563 1130 1640 ecclesiasticis,
1144 1563 1314 1645 suppositis
1329 1562 1501 1652 interdicte

196 1661 313 1738 divina,
341 1679 403 1721 nou
426 1665 532 1721 tamen
555 1660 586 1720 in
614 1664 829 1740 contemptum
851 1659 999 1738 clavium,
1020 1659 1204 1722 celebrando
1226 1681 1281 1723 seu
1307 1661 1501 1724 inmiscendo

194 1780 227 1822 se
250 1759 311 1821 illis
334 1758 548 1820 contraxerint
569 1758 658 1840 ipsis,
687 1759 774 1839 prius
796 1757 833 1820 ad
856 1763 991 1840 tempus,
1012 1758 1050 1820 de
1072 1778 1134 1839 quo
1162 1759 1277 1822 videris
1305 1759 1501 1841 (expedirea

196 1858 313 1920 divinis
336 1857 500 1938 suspensis
522 1855 724 1937 dispensandi
751 1860 781 1919 et
800 1876 927 1919 omnem
954 1855 1081 1918 intirmie
1108 1857 1264 1920 maculam
1291 1859 1358 1920 sive
1386 1864 1501 1935 notam,

197 1976 291 2038 quam
326 1955 385 2037 ipsi
415 1955 446 2016 in
475 1953 637 2036 premissis
663 1954 884 2037 delinquentes
914 1954 962 2017 vel
993 1973 1101 2016 eorum
1129 1955 1244 2037 aliquis
1268 1954 1501 2037 quomodolibet

194 2053 399 2130 contraxerit,
427 2052 565 2134 plenarie
587 2053 731 2118 abolendi
756 2075 874 2137 eosque
897 2073 1007 2116 ornnes
1021 2060 1052 2117 et
1071 2054 1213 2136 singulos
1234 2073 1501 2136 quorumcunque

197 2157 346 2218 laicorum
375 2160 405 2217 et
436 2155 626 2217 secularium
656 2172 862 2235 personarum
894 2152 976 2215 filios
1002 2158 1031 2214 et
1057 2158 1186 2234 nepotes
1211 2152 1248 2214 ad
1277 2171 1501 2233 quemcunque

196 2254 347 2318 beneficia
377 2253 586 2316 ecclesiastica
616 2251 777 2314 obtinendi
810 2255 839 2314 et
868 2251 905 2312 ad
937 2251 1044 2312 onmia
1071 2255 1101 2312 et
1126 2249 1264 2332 singula,
1291 2248 1328 2310 ad
1356 2268 1418 2327 que
1447 2268 1501 2331 per

194 2353 366 2416 sententias
394 2357 424 2414 el
457 2353 588 2434 quosvis
615 2369 781 2433 processus
811 2349 889 2411 alios
927 2348 1081 2411 inhabiles
1114 2347 1244 2410 forsitan
1284 2345 1501 2423 reddebantur,

194 2450 379 2513 lrabilitandi
396 2456 426 2511 et
443 2449 562 2511 habiles
573 2448 723 2511 reddendi
735 2448 813 2510 etad
825 2450 932 2509 omnia
943 2446 1114 2528 privilegia,
1136 2446 1363 2527 indulgencias,
1383 2445 1500 2527 gratias

192 2555 223 2612 et
244 2550 461 2612 immunitates
486 2549 585 2610 reales
608 2552 638 2610 et
663 2545 859 2629 personales,
879 2547 925 2609 eis
946 2564 1002 2608 seu
1024 2563 1134 2606 eorum
1153 2544 1247 2628 alicui
1270 2543 1318 2606 vel
1339 2542 1499 2625 aliquibus

194 2667 250 2730 per
280 2647 395 2710 dictam
421 2646 527 2709 sedem
554 2664 711 2721 concessa,
738 2663 860 2706 necnon
889 2644 926 2706 ad
956 2643 1062 2720 feuda,
1088 2643 1234 2718 honores,
1262 2640 1379 2718 officia,
1410 2640 1500 2716 bona,

193 2746 263 2808 iura
280 2750 311 2807 et
327 2743 567 2819 iurisdictiones
589 2761 652 2826 que
664 2741 806 2807 obtinent
816 2748 871 2804 erit
881 2740 1079 2818 obtinebunt,
1097 2746 1127 2804 et
1147 2740 1185 2802 ad
1198 2745 1314 2804 statum
1329 2745 1360 2802 et
1371 2739 1499 2816 laruam,

194 2845 226 2905 iu
239 2842 357 2924 quibus
369 2846 467 2919 erent,
477 2846 646 2924 antequam
660 2841 849 2904 excederent
861 2841 892 2902 in
912 2839 1081 2922 promissis,
1097 2839 1129 2900 in
1141 2839 1300 2920 integrum
1312 2836 1499 2900 restituendi

194 2939 318 3020 plenam
349 2944 379 3002 et
404 2938 536 3001 liberam
563 2946 670 3002 tenore
699 2939 890 3021 presentium
920 2937 1122 3000 crrrrcedimus
1144 2941 1339 3018 potestatem.
1382 2934 1500 2998 Datum

195 3038 354 3100 drimano
375 3036 445 3100 llld.
468 3036 612 3100 (latebris
634 3036 833 3119 pontificatus
856 3037 953 3098 nostri
976 3055 1059 3097 anuo
1083 3035 1191 3116 prime.

196 3329 304 3410 1378.
332 3329 521 3410 ttktober·
547 3328 612 3408 ⁸20.
645 3326 915 3409 llelesermee.
1405 3327 1499 3406 aba.

296 3463 478 3539 dbiodriclr,
508 3463 682 3526 Boltluasua·
709 3465 778 3524 arrad
805 3462 961 3534 lituram,
998 3462 1206 3543 [rorida-usur
1234 3483 1274 3526 aa
1309 3462 1498 3540 llailrinyen,

296 3563 467 3637 bedernaca,
510 3563 584 3624 (loss
613 3562 659 3622 sia
688 3561 746 3622 ertit
776 3562 831 3622 dor·
859 3560 949 3623 Stodl
971 3561 1090 3641 Idaliam}
1120 3563 1187 3642 ‹crtf
1211 3561 1285 3624 aenei
1317 3559 1416 3624 alrrlrre
1449 3561 1500 3622 eiu

294 3660 443 3741 pietates
465 3660 577 3724 diolcon
597 3657 785 3739 qaseblossea
805 3660 912 3722 liuban.

349 3796 393 3850 Or.
414 3797 462 3849 urit
479 3795 537 3848 urei
556 3795 583 3848 S.
602 3795 640 3846 im
659 3793 723 3861 Kpl.
734 3793 772 3847 St.
784 3793 860 3846 ,teu
871 3794 911 3846 M.

275 3918 346 3980 Wir
369 3919 535 3994 llriderich,
564 3917 732 3982 Balthazar
753 3919 837 3980 unde
859 3917 1024 3989 Wilhelm,
1050 3938 1111 3981 von
1141 3921 1229 3982 lictis
1258 3919 1380 4000 gnadeu
1412 3919 1499 3980 land-

196 4018 298 4096 grafin
322 4019 353 4078 in
382 4016 535 4098 Doringin
565 4017 649 4078 uude
675 4017 842 4096 margralin
872 4037 929 4079 zcu
960 4017 1094 4097 ll‘iasen,
1126 4018 1290 4081 bolorrnen
1325 4017 1409 4079 rande
1441 4021 1497 4079 tun

196 4115 276 4177 laum
298 4115 452 4178 uflintliolr
474 4115 533 4175 mit
555 4113 664 4193 dysem
689 4113 785 4192 briva,
804 4115 861 4176 dau
885 4117 1028 4178 acuissin
1054 4135 1114 4180 uns
1137 4117 1221 4178 unde
1242 4116 1302 4178 dan
1326 4135 1443 4177 unsern
1467 4115 1500 4177 ul

195 4232 276 4291 eyne
298 4219 402 4291 syteu,
434 4212 516 4273 rinde
542 4212 601 4273 don
626 4212 761 4293 burgorn
784 4213 840 4275 der·
857 4220 917 4275 stat
943 4213 1069 4276 llrllurd
1102 4214 1185 4276 irride
1208 4213 1267 4275 den
1292 4231 1370 4292 yren
1395 4215 1431 4274 ul'
1450 4213 1499 4274 die

194 4309 312 4372 anderu
337 4316 426 4390 splen
455 4311 663 4390 geteydingit,
693 4319 780 4389 geret
812 4311 896 4372 irride
930 4311 1071 4392 begrillin
1107 4313 1146 4372 ist
1177 4332 1237 4392 epu
1267 4311 1385 4390 grallial}
1416 4311 1500 4372 unde

195 4407 344 4470 irimtliclr
364 4416 442 4484 stou,
465 4408 522 4469 daz
545 4408 591 4470 als
615 4409 650 4469 ul'
668 4409 726 4469 (len
749 4411 851 4470 nestiu
875 4410 951 4471 send
976 4409 1218 4490 lohanstagdes
1233 4411 1349 4489 toyl'ers
1363 4410 1495 4470 intreleu

197 4507 281 4569 unde
302 4507 367 4569 also
390 4516 457 4568 stan
482 4507 525 4568 sal
549 4525 654 4587 elaver
678 4508 724 4567 iar
743 4527 842 4582 carrica
867 4528 904 4568 un
928 4509 1037 4570 nelrest
1060 4509 1137 4569 noclr
1162 4508 1322 4588 (piammon
1338 4506 1499 4588 vulganda,

194 4606 227 4665 in
255 4605 315 4668 alle
344 4605 398 4667 der
426 4623 526 4685 uyse,
554 4604 600 4667 als
622 4605 750 4666 lrirnoolr
772 4605 956 4686 gesclncbiu
986 4612 1060 4669 stet.
1089 4607 1168 4669 doch
1194 4607 1259 4668 also
1280 4643 1316 4650 -
1340 4643 1377 4650 ⁴-
1402 4643 1438 4650 --
1461 4641 1498 4648 —-
