3525 5209
305 413 357 469 5Ὶο
669 410 945 484 Gcschichtsquellcn
963 411 1012 468 der
1031 410 1249 471 Provsacnsen.

307 574 483 630 vostrorum
515 567 714 650 aliorumque
745 570 888 633 omnium
923 575 954 633 et
986 569 1201 651 singulorum,
1233 585 1370 651 quorum
1401 566 1531 630 interest
1562 565 1609 629 vel

307 667 458 742 intererit,
484 667 631 730 noticiam
653 668 841 732 deducimus
862 688 919 752 per
939 674 1113 750 presentes,
1139 667 1222 750 quod
1244 667 1365 730 dudum
1393 668 1612 730 sanctissimus

307 766 339 827 in
368 765 492 829 Christo
513 772 601 849 pater
619 787 657 830 ac
678 768 955 844 dominusnoster,
977 767 1126 830 dominus
1137 767 1308 848 Gregorius
1329 786 1408 848 papa
1424 765 1614 829 undecimus

304 884 343 926 ex
365 867 459 928 certis
479 856 511 929 ot
531 864 777 930 racionabilibus
798 868 904 930 causis
924 872 955 930 ct
976 885 1032 949 pro
1050 864 1133 928 bono
1154 867 1242 950 pacis
1257 871 1287 927 et
1301 865 1468 927 concordie
1481 863 1612 927 ecclesie

307 961 494 1044 Magantine
515 964 554 1026 de
577 964 945 1048 plenitudinepotestatis
956 969 986 1028 et
997 983 1035 1027 ex
1048 963 1409 1046 certascientiaopidum
1425 961 1613 1026 Erfurdense

306 1066 338 1123 et
362 1061 432 1124 cius
462 1062 637 1126 districtum
661 1061 849 1148 Maguntine
878 1063 1011 1126 diocesis
1038 1081 1110 1126 cum
1144 1061 1293 1124 omnibns
1322 1061 1446 1124 iuribus
1467 1071 1498 1124 et
1518 1060 1612 1123 inris-

304 1158 497 1223 dictionibus
526 1161 565 1224 ad
593 1181 669 1224 suos
699 1169 730 1226 et
762 1161 930 1245 apostolice
960 1159 1045 1224 sodis
1076 1179 1192 1223 manus
1222 1159 1327 1242 posuit
1359 1165 1390 1222 ot
1426 1158 1542 1241 recepit
1574 1177 1610 1220 ao

304 1256 417 1322 deinde
454 1258 546 1322 nobis
578 1257 695 1323 Thomu
732 1260 887 1324 antedicto
924 1259 1083 1323 commisit
1119 1276 1229 1322 omnes
1265 1256 1613 1324 excommunicationis,

304 1357 522 1438 suspensionis
551 1366 583 1421 et
615 1358 771 1422 interdicti
800 1358 984 1436 sententias,
1015 1377 1068 1440 per·
1098 1355 1397 1420 reverendissimum
1426 1353 1459 1416 in
1486 1353 1611 1417 Chn'stc

306 1462 423 1537 patrem
459 1461 490 1518 et
520 1456 700 1534 dominum,
737 1456 903 1519 dominum
932 1455 1061 1520 Petrum
1093 1455 1315 1530 Portuensem,
1342 1458 1449 1517 sancte
1469 1451 1613 1516 &mane

305 1552 435 1617 ecclesio
456 1555 639 1637 episcopum
661 1555 866 1626 cardinalem,
887 1575 924 1618 ac
947 1553 1155 1618 reverendum
1178 1557 1297 1636 patrem
1319 1551 1484 1615 dominum
1505 1551 1611 1614 Ludo·

306 1651 421 1728 vicum,
441 1652 710 1736 archiepiscopum
724 1651 956 1734 Maguntinum,
975 1671 1031 1716 seu
1053 1651 1150 1716 alium
1176 1650 1223 1713 vel
1244 1649 1323 1713 alios
1343 1650 1538 1713 coniunctim
1560 1650 1610 1712 vel

304 1748 445 1822 divisim,
483 1750 578 1814 simul
610 1750 661 1814 vel
697 1753 888 1828 successive,
923 1769 1114 1835 quacunque
1151 1753 1334 1816 auctoritate
1363 1752 1532 1834 apostolica
1562 1752 1609 1814 νε]

305 1847 462 1910 ordinaria
484 1855 592 1910 contra
613 1850 764 1930 opidanos
786 1849 860 1912 dicti
881 1850 965 1933 opidi
988 1855 1043 1913 aut
1065 1849 1142 1913 alios
1169 1851 1216 1913 eis
1241 1850 1437 1928 adherentes,
1464 1851 1496 1912 in
1527 1850 1610 1912 dicto

305 1945 398 2025 opido
431 1946 480 2008 vel
511 1947 580 2010 cius
601 1946 745 2010 districtu
776 1955 1022 2022 commorantes
1061 1951 1128 2014 sive
1167 1949 1296 2013 clericos
1326 1948 1394 2010 sive
1426 1947 1522 2010 laicos
1553 1967 1610 2011 seu

304 2043 442 2126 aliquem
465 2045 614 2126 ipsorum,
635 2045 714 2110 latas
737 2047 785 2110 νε]
807 2048 998 2123 fulminatus
1020 2048 1220 2131 suspendere,
1240 2047 1348 2110 tollere
1365 2053 1396 2110 et
1416 2045 1558 2110 relaxare
1580 2051 1611 2108 et

304 2142 366 2204 alia
387 2142 501 2220 facore,
525 2149 618 2226 prout
638 2145 694 2208 irec
723 2153 755 2209 ct
774 2146 836 2209 alia
856 2148 888 2209 in
912 2147 1023 2210 litteris
1044 2146 1220 2231 apostolicis
1249 2145 1349 2228 ipsius
1370 2144 1489 2207 dornini
1511 2144 1609 2208 nostri

306 2259 392 2323 pape,
415 2259 489 2303 vera
511 2239 597 2304 bulla
608 2242 754 2324 plumbea
768 2245 801 2307 in
813 2245 941 2309 cordula
964 2246 1092 2329 canapis
1115 2263 1201 2308 more
1219 2243 1361 2308 Romane
1376 2242 1611 2320 curiebnllatisq

305 2359 385 2420 quas
414 2339 465 2402 bic
493 2359 548 2422 pro
570 2341 697 2405 insertis
717 2349 748 2406 et
774 2344 933 2427 expressis
960 2342 1065 2407 haberi
1088 2342 1252 2422 volumus,
1276 2341 1400 2425 plenius
1422 2341 1609 2406 continetur.

309 2435 346 2499 tlt
379 2437 463 2519 quod
494 2457 553 2502 nos
583 2439 783 2522 postmodum
814 2441 932 2504 dictum
964 2442 1093 2524 opidum
1122 2441 1327 2526 personaliter
1357 2442 1549 2505 accessimus
1575 2461 1611 2504 ac

307 2537 494 2600 auctoritate
519 2538 697 2620 apostolica,
735 2559 754 2602 a
787 2539 905 2621 pretato
939 2539 1066 2603 domino
1100 2560 1179 2623 pupa
1208 2539 1342 2622 desuper
1370 2538 1461 2602 nobis
1490 2538 1612 2614 tradita,

306 2653 417 2698 ornnes
447 2642 478 2698 et
512 2636 655 2718 singulas
688 2637 1041 2710 excommunicationis,
1081 2638 1299 2720 susponsionis
1329 2643 1360 2701 et
1389 2637 1545 2701 interdicti
1580 2643 1612 2702 et

305 2730 439 2794 aliarum
459 2733 675 2797 coherentinm
696 2754 904 2798 censurarum
926 2741 956 2798 et
977 2737 1236 2818 aggravationum
1260 2737 1443 2814 sententias,
1468 2736 1535 2799 sive
1556 2755 1613 2818 per

304 2829 512 2893 reverendum
543 2837 661 2912 patrem
684 2832 848 2896 dominum
871 2831 1000 2896 Petrum
1022 2835 1202 2917 episcopum
1227 2833 1449 2909 Portuensem,
1470 2831 1613 2897 Βοειενιε

305 2927 435 2990 cmlosie
466 2927 674 3000 cardinalem,
712 2932 779 2994 sivo
811 2931 1019 2994 reverendum
1053 2937 1171 3014 patrem
1204 2931 1369 2994 dominum
1405 2929 1612 3008 Ludovicnm,

305 3026 571 3110 aneuieptsmpum
584 3027 868 3111 Magantinensenr,
877 3029 1038 3092 avrtaliunr
1051 3030 1101 3093 vol
1113 3030 1406 3113 aliosquoscunque
1415 3029 1462 3091 vel
1472 3028 1611 3110 aliquem

306 3125 447 3207 ipsorum
476 3127 669 3190 coniunctim
697 3129 746 3190 vel
775 3128 915 3197 divisim,
940 3127 1034 3190 simul
1064 3128 1114 3192 νε]
1136 3129 1327 3200 successive,
1349 3146 1541 3210 quacunque
1564 3126 1612 3190 vel

308 3221 554 3305 quibuscunque
575 3226 1013 3309 auctoritatibusapostolicis
1035 3226 1202 3290 ordinariis
1224 3223 1272 3288 vel
1292 3223 1440 3307 delegatis
1457 3244 1512 3307 pro
1525 3231 1612 3306 purte

305 3318 379 3382 dicti
403 3321 521 3383 domini
544 3319 693 3385 Ludovici
717 3343 772 3386 sen
796 3344 851 3405 pro
872 3344 909 3387 eo
933 3324 980 3387 vel
1003 3325 1131 3388 nominc
1151 3325 1251 3408 ipsius
1273 3327 1327 3386 aut
1342 3322 1402 3385 alia
1419 3341 1612 3406 quacunque

308 3419 375 3498 via,
403 3423 562 3501 pretextu,
591 3441 687 3484 arrosa
717 3422 765 3485 vel
798 3425 961 3486 occasione
995 3423 1125 3486 errolosie
1156 3421 1342 3504 llaguntine
1373 3425 1403 3483 et
1436 3421 1611 3484 resistentie

306 3503 407 3581 eidem
421 3515 550 3580 domino
562 3516 721 3582 Ludovico
736 3519 827 3599 facto,
841 3527 950 3584 contra
968 3521 1202 3585 universitatem
1218 3526 1249 3582 et
1264 3517 1415 3601 opidanos
1428 3518 1502 3582 dicti
1518 3518 1611 3601 opidi,

306 3633 363 3675 sen
382 3613 479 3676 alium
499 3615 547 3678 vel
565 3615 642 3679 ulios
660 3617 693 3679 in
712 3618 794 3680 dicto
811 3618 904 3700 opido
921 3619 969 3681 vel
985 3620 1055 3682 eius
1073 3618 1216 3682 districtu
1234 3618 1405 3682 existentes
1423 3621 1454 3680 et
1472 3637 1610 3680 commo·

305 3718 476 3775 cantasseu
486 3713 564 3776 alios
576 3712 692 3778 ibidem
703 3714 878 3778 habitantes
891 3716 939 3779 vol
952 3717 1090 3799 ipsorum
1104 3717 1240 3799 aliquem
1253 3715 1352 3778 eciam
1364 3714 1490 3777 divisim
1504 3715 1611 3776 cuius-

306 3828 434 3890 cunque
456 3816 571 3888 status,
587 3812 721 3891 gradus,
750 3814 883 3888 ordinis,
904 3814 1112 3892 condicionis
1133 3813 1294 3895 dignitatis
1316 3813 1363 3877 vel
1386 3813 1611 3896 proeminentia

305 3906 490 3979 existentes,
511 3908 579 3970 sive
601 3908 738 3985 clericos,
760 3911 922 3994 religiosos
942 3919 1118 3975 conventus
1138 3931 1195 3976 seu
1216 3912 1336 3992 laycos,
1354 3910 1542 3992 generaliter
1563 3909 1611 3974 vel

306 4004 484 4086 specialiter
505 4005 583 4068 latas
605 4005 653 4067 vel
673 4007 856 4071 fulminatus
876 4013 932 4071 aut
952 4009 1030 4071 alias
1053 4011 1084 4072 in
1107 4009 1189 4072 dicto
1205 4009 1298 4092 opido
1319 4007 1368 4070 vel
1388 4007 1532 4072 districtu
1554 4027 1609 4072 seu

305 4101 455 4176 ecclesiis,
474 4104 680 4173 nronastoriis,
697 4105 844 4187 capitulis
858 4126 916 4170 sou
927 4107 1055 4190 capellis
1072 4109 1189 4189 positas
1204 4106 1250 4171 vel
1269 4107 1411 4182 emissas
1427 4105 1611 4170 auctoritate

306 4198 484 4281 apostolica
502 4220 565 4282 qna
586 4198 799 4283 fungebamur
812 4208 844 4267 ct
852 4205 1027 4287 fungimur,
1049 4225 1085 4267 ac
1098 4207 1205 4287 vigore
1217 4213 1248 4268 et
1261 4204 1445 4268 auctoritate
1456 4203 1609 4266 dicturum

308 4297 482 4361 litterarum
521 4298 764 4379 apostolicarum
796 4302 947 4366 omnibus
980 4303 1162 4367 melioribus
1201 4303 1307 4381 mode,
1341 4303 1411 4364 iure
1441 4305 1472 4365 et
1502 4301 1612 4378 torma,

307 4397 425 4478 quibus
447 4400 608 4480 potuimus
630 4405 848 4484 etpossumus,
869 4400 1097 4479 substulimus,
1117 4401 1383 4484 srrspendimusat
1399 4398 1611 4464 relaxavimus

308 4515 410 4574 usque
450 4495 489 4558 ad
533 4497 705 4560 triennium
741 4518 760 4558 a
800 4496 875 4562 dato
918 4502 1110 4580 presentium
1149 4498 1398 4581 computandum
1442 4495 1610 4560 inmediate

307 4602 475 4674 sequentes
496 4593 651 4658 inclusiva
672 4603 703 4658 ot
723 4594 837 4659 abinde
858 4597 892 4659 in
913 4601 1018 4675 antea,
1039 4615 1208 4679 quousque
1237 4597 1340 4661 dictus
1360 4595 1510 4660 dominus
1530 4613 1610 4677 papa
