3525 5209
473 397 703 455 Urlrundenbuch
724 398 772 453 der
791 398 874 454 Stadt
892 400 998 454 Erinrt.
1035 400 1074 458 11.
1083 400 1170 459 Theil.
1423 404 1477 459 213

172 548 206 616 in
235 552 417 616 relevamen
444 568 709 635 quarumcunque
738 552 945 614 vexationum
975 552 1068 616 nobis
1096 557 1128 615 et
1154 554 1232 635 ipsis
1256 572 1326 617 esse
1353 555 1477 634 pariter,

170 650 395 733 uniusquidem
416 649 653 732 indempnitatis
673 649 783 711 caucio
804 650 949 731 sequitur
966 651 999 712 in
1024 650 1081 714 hec
1096 649 1198 714 verba
1230 650 1384 715 Noverint
1406 654 1477 715 nni-

170 748 269 823 versi,
290 767 427 830 quorum
449 748 579 810 interest
598 752 629 809 et
649 766 730 828 quos
753 765 844 809 nosse
858 745 955 810 lrrerit
968 754 1174 831 oportunum,
1198 749 1283 830 quod
1296 769 1355 832 ego
1368 748 1476 813 Hilde

170 844 313 909 brandus
339 844 377 907 de
398 843 579 921 Molhusen,
605 845 777 907 canonieus
802 844 932 907 ecclesie
956 866 980 912 s.
998 844 1096 909 Maria
1123 846 1323 910 Erfordensis
1354 866 1476 910 necnon

170 962 268 1006 verus
290 950 396 1027 pastor
416 942 545 1006 ecclesie
567 941 720 1005 Omnium
741 950 921 1006 sanctornm
945 942 1078 1022 ibidem,
1092 945 1307 1025 considerans,
1323 946 1406 1028 quod
1421 966 1477 1028 pro

170 1061 223 1119 eo,
244 1042 329 1125 qnod
351 1040 550 1105 honorabiles
571 1043 643 1121 viri,
664 1041 782 1105 domini
804 1086 831 1104 ..
853 1041 992 1106 decanus
1011 1048 1043 1105 et
1057 1044 1230 1125 capitulum
1249 1064 1285 1106 ac
1300 1044 1478 1126 singulares

171 1158 306 1222 persone
327 1140 456 1203 ecclesie
478 1158 501 1203 s.
516 1138 614 1203 Mario
633 1140 795 1219 iamdicta,
816 1139 960 1220 abbates,
981 1142 1144 1224 prepositi,
1169 1141 1279 1205 decani
1296 1190 1323 1204 ..
1342 1143 1479 1226 capitula

170 1242 202 1301 et
225 1255 358 1321 persone
378 1236 613 1321 collegiatarum
635 1237 838 1301 ecclesiarum
860 1245 892 1301 et
912 1239 1190 1313 monasteriorum,
1219 1239 1479 1323 archipresbiteri

169 1335 298 1419 plebani
333 1339 364 1398 et
396 1335 529 1398 aliarum
561 1335 764 1399 ecclesiarum
797 1342 828 1398 et
859 1335 1070 1419 cappellarum
1096 1341 1232 1400 rectores
1257 1337 1478 1421 cuiuscunque

169 1434 363 1497 conditionis
383 1452 441 1497 seu
462 1433 623 1516 dignitatis
644 1435 828 1511 existentes,
857 1433 1120 1517 appellationibus
1139 1452 1195 1517 per
1214 1454 1266 1497 me
1286 1436 1479 1519 interpositis

171 1536 284 1595 contra
314 1531 478 1595 dominum
506 1530 682 1595 Henriounr
709 1532 747 1594 de
775 1530 987 1613 ilrevendori,
1021 1533 1186 1597 occasione
1214 1534 1420 1597 canonicatus
1448 1539 1480 1597 et

168 1630 328 1715 prebende
354 1650 497 1695 meorum
518 1631 552 1693 in
574 1629 706 1693 ecclesia
727 1630 882 1713 predicta,
910 1648 1034 1694 necnon
1057 1629 1240 1710 Albertum,
1261 1630 1382 1695 dictum
1403 1630 1479 1695 Not-

171 1749 248 1813 prys
277 1730 315 1793 de
337 1727 570 1813 Heylgenstad,
597 1728 760 1791 occasione
790 1728 921 1791 ecclesie
943 1746 1012 1791 mee
1034 1726 1186 1792 Omnium
1208 1734 1390 1793 sanctorum
1410 1749 1479 1813 pre·

169 1828 252 1892 dicte
273 1828 312 1891 de
330 1826 564 1911 provisionibus
585 1846 603 1889 a
625 1826 698 1890 sede
718 1826 896 1909 apostolica,
908 1833 944 1889 ut
955 1831 1109 1905 asserunt,
1118 1827 1196 1910 ipsis
1212 1828 1303 1890 factis
1318 1827 1478 1906 adherent,

171 1926 364 1991 adheserunt
381 1932 413 1989 et
432 1925 582 1989 adherere
599 1924 701 1989 adhuc
718 1924 871 2003 volentes,
887 1925 974 2006 ipsos
993 1924 1127 1989 fortasse
1146 1926 1271 2007 gravari
1291 1943 1349 1988 seu
1368 1928 1479 1989 vexari

171 2025 354 2106 continget,
370 2024 448 2107 ipsis
469 2022 508 2086 ad
523 2041 675 2106 expensa,
693 2022 829 2105 dampna
850 2027 881 2085 et
900 2023 1065 2101 interesse,
1086 2024 1113 2086 si
1134 2042 1198 2106 que
1218 2042 1272 2087 eos
1292 2022 1408 2087 obinde
1428 2024 1479 2087 in-

172 2140 311 2201 currere,
338 2122 498 2185 sustinere
523 2126 555 2185 et
574 2120 681 2184 subire
702 2120 879 2203 contigerit,
915 2120 1055 2203 plenarie
1085 2120 1283 2185 refundenda
1302 2140 1354 2185 me
1375 2122 1479 2205 obligo

170 2240 228 2304 per
259 2226 435 2304 presenteS,
466 2220 652 2303 promittens
681 2217 763 2281 bona
788 2217 866 2298 lide,
892 2218 960 2281 loco
981 2221 1013 2280 et
1032 2220 1162 2282 nomine
1183 2220 1369 2299 iuramenti,
1394 2220 1479 2304 quod

171 2320 258 2402 ipsos
286 2318 422 2402 prelatos
447 2325 478 2381 et
497 2336 648 2401 personas
668 2316 871 2381 ecelesiarum
894 2315 999 2379 illesos
1019 2316 1212 2381 conservabo
1232 2319 1360 2401 penitus
1380 2324 1412 2382 et
1431 2320 1480 2383 in·

173 2417 341 2500 dempnes,
372 2424 403 2479 et
434 2435 489 2499 pro
517 2415 664 2479 firmitate
691 2415 802 2478 maiori
830 2414 975 2477 omnium
1008 2416 1235 2497 premissorum
1263 2415 1480 2500 infrascriptos

173 2516 260 2577 viros
280 2515 358 2598 ipsis
377 2533 465 2577 meos
477 2506 645 2577 'constituo
664 2512 866 2576 fideiussores
886 2516 918 2574 et
937 2530 1166 2596 consponsores
1182 2514 1355 2579 insolidum
1368 2516 1403 2578 in
1419 2515 1480 2580 hiis

172 2612 314 2696 scriptis,
344 2614 388 2675 ita
417 2630 508 2691 sane,
539 2610 625 2694 quod
656 2611 689 2672 in
720 2606 869 2673 omnibus
898 2611 1076 2692 prescriptis
1102 2615 1133 2673 et
1160 2610 1345 2695 subscriptis
1369 2612 1480 2677 nullus

172 2712 315 2794 ipsorum
336 2711 370 2773 in
391 2710 526 2791 singulis
543 2707 748 2772 observandis
764 2726 868 2791 seper
885 2708 983 2771 aliurn
1000 2707 1112 2772 debeat
1125 2708 1304 2791 aliqualiter
1316 2729 1480 2790 excusare,

172 2808 320 2873 videlieet
343 2792 559 2871 honorabilem
582 2808 687 2870 virum
710 2806 875 2873 dominum
901 2805 1077 2870 Henricum
1095 2807 1271 2887 Wetlrindi,
1288 2809 1478 2871 canonicum

172 2906 304 2971 ecclesie
313 2904 603 2989 Yecheburgensis,
615 2904 780 2968 Albertum
789 2902 952 2969 Wethindi
965 2904 1094 2969 fratrem
1109 2924 1230 2985 meum,
1242 2905 1478 2969 Hildbrandum

173 3010 204 3069 et
224 3003 411 3067 Kristanum
437 3004 476 3069 de
497 3002 670 3085 Crutzberg
694 3002 821 3082 iratres,
850 3002 1057 3067 Hermannus
1078 3009 1110 3067 et
1130 3004 1281 3068 Albertus
1302 3004 1341 3067 de
1361 3004 1479 3068 Alden·

174 3102 339 3167 molhusen
359 3102 487 3182 iratres,
507 3100 690 3165 eoblonem
712 3100 751 3165 de
770 3099 929 3179 Kulstete,
957 3100 1167 3182 Gyselherum
1189 3102 1228 3165 de
1249 3101 1370 3181 (trabe,
1398 3100 1478 3165 Gon·

172 3201 285 3263 redum
302 3198 525 3281 deTatileyhin
537 3205 567 3263 et
584 3198 763 3262 Oonradum
780 3199 819 3261 de
838 3197 990 3278 Urbeche,
1007 3200 1157 3283 opidanos
1174 3198 1401 3281 illelhusenses,
1420 3220 1476 3284 pro

172 3318 254 3381 pena
276 3302 404 3362 eentum
425 3316 603 3361 marcarum
625 3297 696 3380 puri
717 3298 838 3379 argenti
860 3297 1008 3379 ponderis
1028 3302 1059 3361 et
1075 3297 1256 3379 guarandis
1270 3296 1479 3379 Erlordensis,

174 3396 238 3479 qui,
255 3397 281 3458 si
299 3394 501 3459 fideiussores
513 3396 574 3459 mei
589 3394 719 3476 predicti
730 3413 785 3477 per
802 3394 959 3478 predictos
977 3394 1122 3459 dominos
1135 3444 1142 3458 .
1154 3446 1161 3458 .
1173 3395 1329 3459 decanum
1350 3401 1381 3460 et
1395 3397 1479 3480 capi·

173 3494 277 3557 hilum
305 3512 498 3577 quocunque
524 3498 663 3576 tempore
691 3494 803 3555 moniti
828 3492 879 3555 vel
903 3493 1048 3576 requisiti
1068 3493 1188 3557 fuerint
1207 3512 1302 3576 super
1322 3494 1479 3577 expensis,

173 3591 320 3673 dampnis
334 3595 366 3653 et
374 3592 526 3655 interesse
537 3588 725 3673 supradictis
737 3591 804 3653 suis
817 3592 945 3655 nunciis
956 3591 1039 3653 veris
1050 3609 1107 3654 seu
1117 3590 1230 3655 litteris
1239 3591 1279 3655 ad
1289 3591 1478 3654 solvendum

173 3689 291 3753 eisdem
313 3688 450 3752 dominis
475 3736 499 3749 ..
520 3688 637 3751 decano
659 3694 690 3751 et
713 3689 850 3771 capitulo
872 3688 1003 3751 ecclesie
1024 3694 1131 3753 sancte
1151 3686 1251 3753 Maria
1269 3695 1326 3753 aut
1346 3688 1479 3772 quibus-

173 3804 302 3869 cunque
321 3786 392 3849 aliis
410 3788 553 3869 personis
565 3787 642 3869 ipsis
661 3792 692 3849 et
706 3786 803 3849 michi
819 3784 1044 3850 adherentibus
1058 3805 1114 3850 seu
1130 3786 1279 3850 adherere
1292 3786 1480 3868 volentibus,

174 3883 291 3968 quibus
313 3882 442 3967 predicti
463 3883 582 3947 domini
605 3935 636 3947 ..
665 3884 804 3947 decanus
825 3890 856 3949 et
876 3884 1051 3968 capitulum
1077 3904 1133 3969 pro
1163 3903 1213 3947 me
1233 3904 1267 3947 se
1286 3883 1477 3969 obligarunt,

173 3982 342 4065 predictam
367 4000 479 4065 penam
499 3987 627 4045 centum
647 4001 826 4046 marcarum
846 3982 930 4045 inira
952 3981 1147 4064 quindenam
1167 3982 1251 4045 adie
1264 3984 1479 4065 requisitionis

173 4097 230 4143 seu
255 4080 441 4143 monitionis
466 4085 628 4163 tamquam
654 4081 843 4163 principales
870 4079 1027 4145 debitores
1051 4081 1225 4145 insolidum
1249 4080 1372 4144 solvere
1392 4086 1479 4145 tene-

174 4175 305 4256 buntur,
337 4182 368 4240 et
398 4178 425 4241 si
459 4178 632 4259 neglientes
660 4177 779 4241 fuerint
810 4178 860 4241 vel
890 4179 1015 4241 remissi
1044 4178 1078 4240 in
1109 4178 1265 4241 solutione
1295 4178 1478 4244 huiusmodi

174 4278 315 4359 pecunie,
338 4280 374 4339 ut
394 4276 580 4359 predicitur,
599 4280 718 4339 extunc
739 4276 883 4358 requisiti
895 4276 944 4338 vel
967 4277 1079 4339 moniti
1099 4296 1142 4340 ex
1162 4281 1250 4358 parte
1265 4276 1478 4359 predictorum

173 4373 375 4436 dominorum
397 4374 506 4437 decani
528 4379 559 4436 et
578 4373 705 4456 capituli
727 4373 809 4436 inira
830 4373 898 4436 dies
918 4381 997 4453 octo,
1017 4394 1035 4436 a
1055 4380 1194 4457 tempore
1210 4374 1427 4457 requisitionis
1448 4383 1479 4439 et

172 4472 357 4533 monitionis
382 4471 566 4535 huiusmodi
591 4471 849 4554 computandum,
873 4470 1051 4535 Erferdiam
1072 4490 1107 4535 se
1132 4473 1285 4555 recipient
1308 4473 1378 4535 sine
1399 4492 1478 4555 que·

172 4568 249 4631 libet
279 4566 477 4650 difficultate,
514 4569 693 4653 obstagiam
733 4568 852 4633 ibidem
894 4572 1050 4634 servaturi
1085 4577 1116 4635 et
1146 4567 1262 4633 abinde
1294 4569 1477 4635 nullatenus
