3525 5209
488 379 720 436 Urkundcnbuch
738 378 789 434 der
806 379 890 434 Stadt
908 379 1015 438 Erfurt.
1051 377 1188 436 ILThess.
1239 467 1242 474 ἢ
1452 373 1500 430 let

187 530 330 596 Henrico
352 530 391 594 dc
406 529 590 611 Vrpmarla,
616 549 704 594 sacre
723 530 879 613 theologie
899 530 1075 614 professore
1095 530 1227 592 fratrum
1253 525 1501 604 Heremitsrum,

189 629 310 692 ordinis
344 629 445 692 sancti
475 629 667 712 Augustini,
694 627 860 692 hulduwico
896 627 934 692 de
968 627 1151 694 Flaticheim
1183 626 1304 691 ordinis
1337 622 1500 688 llh'norum

186 727 312 804 lectore,
336 724 481 790 Cristano
510 727 548 790 de
577 725 748 809 Girspeche
777 745 906 791 cursore
938 726 1057 790 ordinis
1078 724 1315 789 Prodiaatorum
1339 721 1499 798 hotribus,

186 844 226 888 ac
256 822 495 888 honorabilibus
521 825 598 888 viris
624 825 782 908 magistris
808 823 960 888 Heinrico
990 824 1029 888 de
1056 821 1272 906 Heylgenstad
1312 820 1437 884 officiali
1468 826 1500 884 et

187 924 342 986 canonico
362 927 470 986 sancte
490 920 606 1000 llario,
633 921 763 988 Alberto
783 922 823 986 de
845 921 1020 1004 Vichsberg
1041 922 1221 994 scolastico,
1242 918 1427 984 Burehardo
1459 918 1499 982 de

192 1019 233 1084 de
253 1019 425 1084 Mulhusen
453 1020 606 1084 canonico
627 1019 658 1085 S.
669 1020 778 1084 Severi
799 1021 1002 1084 ecclesiarum
1033 1019 1284 1096 Ilriordensium,
1310 1016 1501 1082 Theoderico

188 1118 228 1182 de
248 1117 454 1201 Schernberg,
476 1116 590 1182 Iacobo
611 1118 650 1182 de
669 1117 849 1202 Nuenburg
867 1119 1066 1202 iurisperitis,
1088 1123 1120 1182 et
1139 1115 1282 1182 Comado
1303 1115 1343 1180 de
1354 1113 1500 1180 'lennen-

187 1216 273 1295 rode,
299 1222 451 1300 perpetuo
471 1215 653 1299 cappellano
683 1216 801 1299 capelle
829 1218 928 1282 sancti
950 1216 1102 1281 Iohannis
1134 1215 1168 1278 in
1195 1213 1286 1280 Nova
1309 1214 1447 1292 civitais,
1469 1217 1502 1278 et

186 1315 258 1378 aliis
291 1313 535 1397 quampluribus
571 1314 694 1378 clericis
723 1321 754 1377 ct
784 1313 885 1394 laycis
914 1314 1082 1397 fidedignis
1113 1312 1246 1378 testibus
1276 1311 1315 1376 ad
1346 1311 1500 1395 premissa

187 1413 307 1476 vocatis
332 1416 364 1476 et
390 1413 518 1495 rogatis.
558 1410 599 1475 In
627 1431 765 1494 quorum
794 1413 939 1476 omniurn
966 1413 1193 1495 premissorum
1221 1409 1439 1476 testimonium
1468 1413 1501 1472 et

187 1509 420 1578 certitudinem.
451 1489 622 1592 pleniorem
659 1516 821 1594 presentes
850 1511 970 1574 litteras
1002 1516 1126 1576 nostras
1156 1531 1212 1596 per
1245 1511 1418 1594 Syllridum
1457 1509 1497 1574 ds

184 1605 319 1687 Rychen
347 1605 511 1690 publicum
537 1609 697 1672 nomrium
724 1607 960 1691 infrascriptum
992 1608 1086 1672 scribi
1117 1616 1149 1676 et
1168 1612 1202 1674 in
1222 1611 1356 1674 formam
1378 1611 1499 1674 instru-

187 1705 289 1768 menti
309 1705 429 1786 publici
451 1705 551 1788 redigi
577 1706 817 1783 mandavimus,
844 1708 1008 1791 nostrique
1036 1709 1130 1792 sigilli
1152 1709 1285 1772 fecimus
1306 1709 1498 1793 appensione

185 1823 314 1868 mnam.

267 1900 309 1966 Et
329 1901 398 1984 Ego
418 1902 577 1984 Syllridus
603 1905 708 1971 dictus
739 1907 778 1971 de
805 1905 949 1987 Rychen,
982 1905 1167 1990 Moguntine
1193 1909 1326 1972 diocesis
1348 1907 1499 1991 publicus

185 1998 343 2084 imperiali
363 2002 549 2066 auctoritate
568 2006 722 2086 noterius,
750 2006 826 2086 quia
853 2006 1024 2088 prescripto
1044 2005 1258 2085 absolucioni,
1278 2004 1500 2089 publicacioni,

190 2098 373 2162 recitacioni
391 2118 429 2161 ac
449 2099 599 2164 omnibus
624 2111 656 2165 et
675 2103 811 2186 singulis
838 2104 872 2166 iu
900 2104 969 2186 ipsa
989 2105 1159 2182 contentis,
1184 2104 1338 2166 enarratis
1360 2110 1390 2166 et
1410 2103 1501 2166 factis

189 2214 247 2276 per
273 2195 489 2262 venerabilem
515 2199 551 2261 in
581 2197 703 2263 Christe
730 2205 851 2284 patrem
872 2219 909 2263 ac
928 2200 1108 2278 dominum,
1137 2200 1303 2263 dominum
1331 2199 1498 2264 Albertum

185 2293 374 2377 episcopum
392 2293 617 2378 Yppusensem
633 2298 820 2380 predictum,
841 2319 906 2362 una
923 2317 1001 2362 cum
1022 2298 1194 2380 prenotatis
1214 2297 1348 2362 testibus
1369 2315 1501 2381 presens

187 2391 330 2470 interfui,
354 2391 420 2456 vidi
439 2397 470 2456 et
499 2393 623 2474 audivi,
645 2395 714 2458 ideo
741 2396 781 2459 ds
807 2395 954 2459 mandato
974 2397 1076 2478 ipsius
1098 2395 1219 2458 domini
1239 2397 1376 2479 episcopi
1401 2415 1438 2458 ao
1458 2395 1500 2458 ad

187 2489 433 2570 requisicionem
462 2496 495 2578 et
517 2499 663 2575 rogatum
689 2493 880 2577 prudentum
909 2493 1048 2556 virorum
1079 2494 1301 2577 magistrorum
1330 2492 1500 2557 consulum

189 2592 221 2650 et
240 2587 410 2652 consulum
426 2589 563 2654 aulatis
576 2589 777 2655 Eriordensis
791 2590 926 2655 fideliter
943 2591 982 2654 de
1002 2591 1098 2654 verbo
1114 2592 1153 2654 ad
1174 2592 1307 2655 verbum
1327 2592 1500 2675 conscripsi

193 2690 225 2748 et
244 2685 279 2748 in
299 2685 383 2750 hanc
402 2684 561 2769 publicam
583 2689 715 2752 formam
738 2690 854 2771 redegi
875 2708 970 2772 quem
994 2708 1065 2753 meo
1087 2690 1177 2772 signo
1192 2689 1283 2753 solito
1299 2696 1331 2752 et
1346 2697 1498 2753 consueto

191 2784 322 2865 signavi.
364 2786 479 2850 Actum
504 2792 537 2848 et
557 2787 665 2850 datum
687 2805 788 2869 anno,
814 2788 996 2868 indictione,
1024 2805 1147 2867 mense,
1169 2787 1237 2867 die,
1264 2788 1355 2865 hora,
1375 2787 1444 2850 loco
1465 2793 1497 2851 ot

190 2881 375 2964 pontificatu
394 2883 576 2966 prenotatis
612 2944 614 2947 .

189 3136 297 3220 1337.
325 3137 433 3219 turn
460 3139 523 3221 16.
552 3140 801 3227 Frcnlrlurt
1410 3143 1499 3226 162.

292 3272 437 3353 Ludwip,
458 3275 625 3338 rdmischer
635 3275 765 3353 Kaiscr,
787 3276 928 3357 sauciet
942 3277 993 3341 die
1002 3278 1180 3341 Freihciien
1201 3278 1256 3341 der
1273 3277 1499 3358 &culmum

287 3369 449 3434 hamum
470 3371 530 3434 dus
552 3371 770 3454 Rioilepium,
792 3375 866 3438 aas
893 3375 945 3438 dic
968 3374 1096 3456 Biirper
1121 3376 1207 3439 nield
1233 3395 1288 3440 vor
1309 3376 1499 3455 ouswctrtipc

291 3467 434 3532 cetere
459 3488 590 3550 peaopeu
608 3471 732 3534 woden
751 3471 861 3552 ouen,
888 3494 921 3536 so
949 3473 1041 3554 inope
1062 3475 1108 3537 sle
1136 3471 1231 3537 Rechl
1254 3493 1309 3538 vor
1336 3473 1405 3536 dem
1436 3473 1497 3537 Ge

288 3565 368 3629 rtem
387 3566 423 3629 io
442 3565 560 3647 Erfuri
581 3569 668 3631 nield
686 3569 880 3650 oewdpem.

341 3684 383 3739 Or.
402 3685 452 3738 mit
471 3684 498 3742 S.
516 3685 555 3738 im
572 3685 635 3755 Kpl.
655 3687 694 3741 st.
712 3688 747 3741 A.
766 3705 801 3741 zu
818 3689 859 3747 Μ.

338 3773 537 3841 saumatam
557 3773 632 3832 net.
653 3793 675 3833 o.
695 3776 798 3843 msere
815 3776 842 3833 s.
860 3778 919 3834 are.

338 3860 441 3930 Ldoip,
459 3861 495 3916 D.
515 3861 711 3930 Reicbeurchio,
725 3881 756 3931 p.
774 3880 840 3931 spec
859 3870 927 3918 com.
948 3863 990 3931 Π,
1011 3865 1038 3923 S,
1058 3869 1117 3923 441.

337 3948 419 4006 BRJ.
439 3949 492 4009 Nr,
511 3953 587 4008 1835.

268 4051 471 4135 ludowicus,
499 4053 561 4119 Dei
587 4057 689 4139 gratis
714 4055 930 4121 Romanorum
968 4059 1137 4141 imperator
1171 4077 1294 4142 semper
1331 4065 1498 4142 augustus,

190 4153 349 4216 universis
377 4154 458 4216 sacri
486 4151 622 4216 Romani
647 4155 769 4237 imperii
793 4153 942 4218 fidelihus
969 4163 1129 4239 presentes
1156 4157 1275 4220 litteras
1307 4159 1498 4241 inspecturis

188 4251 322 4333 gratiam
343 4270 435 4314 suam
456 4257 487 4315 et
510 4271 604 4314 omne
623 4251 753 4316 bonum.
794 4252 921 4316 Totiens
942 4255 1026 4334 regis
1046 4255 1242 4318 celsitudinis
1263 4263 1420 4337 sceptrum
1443 4275 1497 4319 ex·

188 4347 435 4416 tollituraltius
465 4355 497 4412 et
528 4350 629 4431 ipsius
670 4356 771 4413 status
808 4351 962 4414 solidetur
998 4351 1145 4432 solidiue,
1177 4353 1324 4435 quotiens
1355 4352 1496 4416 fidelium

189 4446 375 4512 devotorum
393 4455 467 4510 vota
482 4446 619 4528 benigno
635 4449 849 4530 respiciuntur
865 4449 978 4513 affectu
999 4457 1031 4514 et
1045 4449 1083 4513 ad
1100 4451 1241 4533 ipsorum
1259 4449 1496 4514 commoditates

186 4543 351 4628 augendas
369 4547 508 4628 gratiosa
527 4548 678 4629 protectio
700 4547 851 4630 principis
871 4549 1062 4634 invenitur„
1084 4547 1151 4612 Nos
1172 4550 1280 4634 itaque
1300 4549 1496 4634 attendentes
