<?xml version="1.0" encoding="UTF-8"?>
<!DOCTYPE html PUBLIC "-//W3C//DTD XHTML 1.0 Transitional//EN"
    "http://www.w3.org/TR/xhtml1/DTD/xhtml1-transitional.dtd">
<html xmlns="http://www.w3.org/1999/xhtml" xml:lang="en" lang="en">
 <head>
  <title>
</title>
<meta http-equiv="Content-Type" content="text/html;charset=utf-8" />
  <meta name='ocr-system' content='tesseract 3.04.00' />
  <meta name='ocr-capabilities' content='ocr_page ocr_carea ocr_par ocr_line ocrx_word'/>
</head>
<body>
  <div class='ocr_page' id='page_1' title='image "./urkundenbuchder04sachgoog_0064.png"; bbox 0 0 3525 5209; ppageno 0'>
   <div class='ocr_carea' id='block_1_1' title="bbox 487 416 1477 477">
    <p class='ocr_par' dir='ltr' id='par_1_1' title="bbox 487 416 1477 477">
     <span class='ocr_line' id='line_1_1' title="bbox 487 416 1477 477; baseline -0.003 -1"><span class='ocrx_word' id='word_1_1' title='bbox 487 419 714 476; x_wconf 88' lang='lat' dir='ltr'>Urlrundenbuch</span> <span class='ocrx_word' id='word_1_2' title='bbox 733 420 782 473; x_wconf 86' lang='lat' dir='ltr'>der</span> <span class='ocrx_word' id='word_1_3' title='bbox 801 419 883 474; x_wconf 76' lang='lat' dir='ltr'>Stadt</span> <span class='ocrx_word' id='word_1_4' title='bbox 902 419 1007 473; x_wconf 86' lang='lat' dir='ltr'>Erlurt.</span> <span class='ocrx_word' id='word_1_5' title='bbox 1042 418 1083 477; x_wconf 86' lang='lat' dir='ltr'>II.</span> <span class='ocrx_word' id='word_1_6' title='bbox 1097 416 1176 473; x_wconf 80' lang='lat' dir='ltr'>&#39;fheil</span> <span class='ocrx_word' id='word_1_7' title='bbox 1446 418 1477 473; x_wconf 80' lang='lat'>51</span> 
     </span>
    </p>
   </div>
   <div class='ocr_carea' id='block_1_2' title="bbox 272 565 1482 1025">
    <p class='ocr_par' dir='ltr' id='par_1_2' title="bbox 272 565 1482 1025">
     <span class='ocr_line' id='line_1_2' title="bbox 272 565 1482 651; baseline -0.003 -18"><span class='ocrx_word' id='word_1_8' title='bbox 272 572 342 633; x_wconf 72' lang='lat' dir='ltr'>totid</span> <span class='ocrx_word' id='word_1_9' title='bbox 367 572 426 633; x_wconf 84' lang='lat' dir='ltr'>den</span> <span class='ocrx_word' id='word_1_10' title='bbox 453 572 610 636; x_wconf 81' lang='lat' dir='ltr'>Plebnnen</span> <span class='ocrx_word' id='word_1_11' title='bbox 638 572 692 633; x_wconf 77' lang='lat' dir='ltr'>der</span> <span class='ocrx_word' id='word_1_12' title='bbox 720 570 811 635; x_wconf 80' lang='lat' dir='ltr'>Stodt</span> <span class='ocrx_word' id='word_1_13' title='bbox 836 572 893 651; x_wconf 73' lang='lat' dir='ltr'>sair</span> <span class='ocrx_word' id='word_1_14' title='bbox 922 573 941 631; x_wconf 83' lang='lat'><strong><em>5</em></strong></span> <span class='ocrx_word' id='word_1_15' title='bbox 963 568 1061 631; x_wconf 73' lang='lat' dir='ltr'>Mart</span> <span class='ocrx_word' id='word_1_16' title='bbox 1088 572 1133 632; x_wconf 77' lang='lat'>24</span> <span class='ocrx_word' id='word_1_17' title='bbox 1155 565 1306 648; x_wconf 70' lang='lat' dir='ltr'>schidinp</span> <span class='ocrx_word' id='word_1_18' title='bbox 1329 566 1482 647; x_wconf 55' lang='lat' dir='ltr'>&amp;furter</span> 
     </span>
     <span class='ocr_line' id='line_1_3' title="bbox 275 664 1480 749; baseline 0 -20"><span class='ocrx_word' id='word_1_19' title='bbox 275 668 430 749; x_wconf 81' lang='lat' dir='ltr'>Pfenor&#39;pc</span> <span class='ocrx_word' id='word_1_20' title='bbox 456 670 525 733; x_wconf 70' lang='lat' dir='ltr'>arod</span> <span class='ocrx_word' id='word_1_21' title='bbox 550 670 741 745; x_wconf 67' lang='lat' dir='ltr'>resipuimus</span> <span class='ocrx_word' id='word_1_22' title='bbox 770 668 899 731; x_wconf 81' lang='lat' dir='ltr'>diesalbe</span> <span class='ocrx_word' id='word_1_23' title='bbox 924 686 977 729; x_wconf 83' lang='lat' dir='ltr'>vor</span> <span class='ocrx_word' id='word_1_24' title='bbox 998 667 1066 729; x_wconf 83' lang='lat' dir='ltr'>dem</span> <span class='ocrx_word' id='word_1_25' title='bbox 1083 666 1174 745; x_wconf 79' lang='lat' dir='ltr'>Vopte</span> <span class='ocrx_word' id='word_1_26' title='bbox 1197 666 1294 729; x_wconf 79' lang='lat' dir='ltr'>Titzel</span> <span class='ocrx_word' id='word_1_27' title='bbox 1315 684 1378 727; x_wconf 86' lang='lat' dir='ltr'>von</span> <span class='ocrx_word' id='word_1_28' title='bbox 1397 664 1480 729; x_wconf 76' lang='lat' dir='ltr'>Rasa</span> 
     </span>
     <span class='ocr_line' id='line_1_4' title="bbox 272 762 1480 847; baseline -0.002 -20"><span class='ocrx_word' id='word_1_29' title='bbox 272 768 341 829; x_wconf 79' lang='lat' dir='ltr'>tend</span> <span class='ocrx_word' id='word_1_30' title='bbox 368 767 436 829; x_wconf 77' lang='lat' dir='ltr'>dent</span> <span class='ocrx_word' id='word_1_31' title='bbox 464 766 606 830; x_wconf 83' lang='lat' dir='ltr'>Pedallen</span> <span class='ocrx_word' id='word_1_32' title='bbox 627 768 779 831; x_wconf 82' lang='lat' dir='ltr'>Heinrich</span> <span class='ocrx_word' id='word_1_33' title='bbox 806 787 866 829; x_wconf 86' lang='lat' dir='ltr'>von</span> <span class='ocrx_word' id='word_1_34' title='bbox 893 766 1040 829; x_wconf 89' lang='lat' dir='ltr'>Urleiben</span> <span class='ocrx_word' id='word_1_35' title='bbox 1068 783 1110 827; x_wconf 76' lang='lat' dir='ltr'>att</span> <span class='ocrx_word' id='word_1_36' title='bbox 1129 764 1397 847; x_wconf 80' lang='lat' dir='ltr'>Tungesbruelren</span> <span class='ocrx_word' id='word_1_37' title='bbox 1423 762 1480 824; x_wconf 81' lang='lat' dir='ltr'>mit</span> 
     </span>
     <span class='ocr_line' id='line_1_5' title="bbox 282 857 1480 942; baseline -0.003 -17"><span class='ocrx_word' id='word_1_38' title='bbox 282 864 443 927; x_wconf 84' lang='lat' dir='ltr'>Vcrbelmlt</span> <span class='ocrx_word' id='word_1_39' title='bbox 475 866 528 926; x_wconf 77' lang='lat' dir='ltr'>(les</span> <span class='ocrx_word' id='word_1_40' title='bbox 558 865 715 927; x_wconf 77' lang='lat' dir='ltr'>Besitaers</span> <span class='ocrx_word' id='word_1_41' title='bbox 746 863 901 927; x_wconf 79' lang='lat' dir='ltr'>derselben</span> <span class='ocrx_word' id='word_1_42' title='bbox 928 882 1022 942; x_wconf 72' lang='lat' dir='ltr'>pepon</span> <span class='ocrx_word' id='word_1_43' title='bbox 1054 866 1100 926; x_wconf 79' lang='lat'>26</span> <span class='ocrx_word' id='word_1_44' title='bbox 1126 859 1277 939; x_wconf 69' lang='lat' dir='ltr'>Scitilliny</span> <span class='ocrx_word' id='word_1_45' title='bbox 1306 857 1480 938; x_wconf 74' lang='lat' dir='ltr'>jdbrliclien</span> 
     </span>
     <span class='ocr_line' id='line_1_6' title="bbox 273 962 391 1025; baseline 0.008 -1"><span class='ocrx_word' id='word_1_46' title='bbox 273 962 391 1025; x_wconf 78' lang='lat' dir='ltr'>Zinses.</span> 
     </span>
    </p>
   </div>
   <div class='ocr_carea' id='block_1_3' title="bbox 253 1072 1480 1156">
    <p class='ocr_par' dir='ltr' id='par_1_3' title="bbox 253 1072 1480 1156">
     <span class='ocr_line' id='line_1_7' title="bbox 253 1072 1480 1156; baseline -0.004 -15"><span class='ocrx_word' id='word_1_47' title='bbox 253 1078 397 1156; x_wconf 77' lang='lat' dir='ltr'>Zettpeia:</span> <span class='ocrx_word' id='word_1_48' title='bbox 420 1078 623 1141; x_wconf 89' lang='lat' dir='ltr'>Hermanuus</span> <span class='ocrx_word' id='word_1_49' title='bbox 644 1078 683 1141; x_wconf 92' lang='lat' dir='ltr'>de</span> <span class='ocrx_word' id='word_1_50' title='bbox 699 1078 819 1155; x_wconf 70' lang='lat' dir='ltr'>Tanna,</span> <span class='ocrx_word' id='word_1_51' title='bbox 839 1080 978 1141; x_wconf 87' lang='lat' dir='ltr'>vicarius</span> <span class='ocrx_word' id='word_1_52' title='bbox 998 1077 1128 1140; x_wconf 82' lang='lat' dir='ltr'>ecclesie</span> <span class='ocrx_word' id='word_1_53' title='bbox 1150 1074 1291 1153; x_wconf 79' lang='lat' dir='ltr'>slllarie,</span> <span class='ocrx_word' id='word_1_54' title='bbox 1311 1072 1480 1137; x_wconf 82' lang='lat' dir='ltr'>Bertoldus</span> 
     </span>
    </p>
   </div>
   <div class='ocr_carea' id='block_1_4' title="bbox 169 1172 1322 1355">
    <p class='ocr_par' dir='ltr' id='par_1_4' title="bbox 169 1172 1322 1355">
     <span class='ocr_line' id='line_1_8' title="bbox 169 1172 1322 1255; baseline -0.006 -15"><span class='ocrx_word' id='word_1_55' title='bbox 169 1178 277 1241; x_wconf 82' lang='lat' dir='ltr'>dietus</span> <span class='ocrx_word' id='word_1_56' title='bbox 299 1178 409 1241; x_wconf 87' lang='lat' dir='ltr'>Hozel.</span> <span class='ocrx_word' id='word_1_57' title='bbox 451 1178 496 1239; x_wconf 86' lang='lat' dir='ltr'>Es</span> <span class='ocrx_word' id='word_1_58' title='bbox 516 1174 621 1255; x_wconf 75' lang='lat' dir='ltr'>slepelt</span> <span class='ocrx_word' id='word_1_59' title='bbox 641 1174 798 1239; x_wconf 88' lang='lat' dir='ltr'>Iohannes</span> <span class='ocrx_word' id='word_1_60' title='bbox 829 1177 932 1239; x_wconf 85' lang='lat' dir='ltr'>dietus</span> <span class='ocrx_word' id='word_1_61' title='bbox 954 1176 1064 1239; x_wconf 80' lang='lat' dir='ltr'>Stranz</span> <span class='ocrx_word' id='word_1_62' title='bbox 1088 1175 1126 1237; x_wconf 92' lang='lat' dir='ltr'>de</span> <span class='ocrx_word' id='word_1_63' title='bbox 1145 1172 1322 1237; x_wconf 82' lang='lat' dir='ltr'>Tullestete.</span> 
     </span>
     <span class='ocr_line' id='line_1_9' title="bbox 255 1271 1259 1355; baseline -0.003 -18"><span class='ocrx_word' id='word_1_64' title='bbox 255 1274 372 1337; x_wconf 87' lang='lat' dir='ltr'>Datum</span> <span class='ocrx_word' id='word_1_65' title='bbox 396 1296 479 1338; x_wconf 92' lang='lat' dir='ltr'>anno</span> <span class='ocrx_word' id='word_1_66' title='bbox 503 1272 633 1336; x_wconf 86' lang='lat' dir='ltr'>Domini</span> <span class='ocrx_word' id='word_1_67' title='bbox 654 1274 703 1337; x_wconf 89' lang='grc' dir='ltr'>Μ.</span> <span class='ocrx_word' id='word_1_68' title='bbox 717 1273 790 1337; x_wconf 86' lang='lat' dir='ltr'>CCC</span> <span class='ocrx_word' id='word_1_69' title='bbox 804 1324 809 1334; x_wconf 93' lang='lat'><em>.</em></span> <span class='ocrx_word' id='word_1_70' title='bbox 824 1272 962 1353; x_wconf 70' lang='lat' dir='ltr'>XXIX,</span> <span class='ocrx_word' id='word_1_71' title='bbox 983 1272 1017 1335; x_wconf 91' lang='lat' dir='ltr'>X</span> <span class='ocrx_word' id='word_1_72' title='bbox 1040 1271 1110 1337; x_wconf 87' lang='lat' dir='ltr'>Kal.</span> <span class='ocrx_word' id='word_1_73' title='bbox 1132 1272 1259 1355; x_wconf 84' lang='lat' dir='ltr'>Aprilis.</span> 
     </span>
    </p>
   </div>
   <div class='ocr_carea' id='block_1_5' title="bbox 326 1390 643 1449">
    <p class='ocr_par' dir='ltr' id='par_1_5' title="bbox 326 1390 643 1449">
     <span class='ocr_line' id='line_1_10' title="bbox 326 1390 643 1449; baseline 0 -5"><span class='ocrx_word' id='word_1_74' title='bbox 326 1390 370 1444; x_wconf 83' lang='lat' dir='ltr'>Or.</span> <span class='ocrx_word' id='word_1_75' title='bbox 392 1392 440 1444; x_wconf 83' lang='lat' dir='ltr'>mit</span> <span class='ocrx_word' id='word_1_76' title='bbox 459 1390 485 1448; x_wconf 87' lang='lat' dir='ltr'>S.</span> <span class='ocrx_word' id='word_1_77' title='bbox 505 1392 541 1445; x_wconf 82' lang='lat' dir='ltr'>im</span> <span class='ocrx_word' id='word_1_78' title='bbox 560 1392 596 1449; x_wconf 81' lang='lat' dir='ltr'>D.</span> <span class='ocrx_word' id='word_1_79' title='bbox 609 1394 643 1445; x_wconf 79' lang='lat' dir='ltr'>A.</span> 
     </span>
    </p>
   </div>
   <div class='ocr_carea' id='block_1_6' title="bbox 171 1585 1481 1671">
    <p class='ocr_par' dir='ltr' id='par_1_6' title="bbox 171 1585 1481 1671">
     <span class='ocr_line' id='line_1_11' title="bbox 171 1585 1481 1671; baseline 0.002 -6"><span class='ocrx_word' id='word_1_80' title='bbox 171 1586 287 1671; x_wconf 73' lang='lat'><strong>1329.</strong></span> <span class='ocrx_word' id='word_1_81' title='bbox 313 1585 398 1667; x_wconf 78' lang='lat' dir='ltr'>rial</span> <span class='ocrx_word' id='word_1_82' title='bbox 427 1588 490 1669; x_wconf 83' lang='lat' dir='ltr'>lo.</span> <span class='ocrx_word' id='word_1_83' title='bbox 1422 1586 1481 1669; x_wconf 74' lang='lat' dir='ltr'>tc.</span> 
     </span>
    </p>
   </div>
   <div class='ocr_carea' id='block_1_7' title="bbox 177 1722 1482 2504">
    <p class='ocr_par' dir='ltr' id='par_1_7' title="bbox 177 1722 1482 2504">
     <span class='ocr_line' id='line_1_12' title="bbox 272 1722 1481 1806; baseline -0.001 -21"><span class='ocrx_word' id='word_1_84' title='bbox 272 1722 445 1787; x_wconf 88' lang='lat' dir='ltr'>Heinricus</span> <span class='ocrx_word' id='word_1_85' title='bbox 457 1724 581 1787; x_wconf 74' lang='lat' dir='ltr'>l‘ranlro</span> <span class='ocrx_word' id='word_1_86' title='bbox 602 1725 837 1805; x_wconf 85' lang='lat' dir='ltr'>etAdelheydis</span> <span class='ocrx_word' id='word_1_87' title='bbox 858 1727 1019 1806; x_wconf 84' lang='lat' dir='ltr'>coniuges,</span> <span class='ocrx_word' id='word_1_88' title='bbox 1040 1723 1350 1797; x_wconf 77' lang='lat' dir='ltr'>civesErlordenses</span> <span class='ocrx_word' id='word_1_89' title='bbox 1370 1722 1481 1785; x_wconf 71' lang='lat' dir='ltr'>mitten</span> 
     </span>
     <span class='ocr_line' id='line_1_13' title="bbox 272 1818 1481 1901; baseline 0 -20"><span class='ocrx_word' id='word_1_90' title='bbox 272 1822 340 1901; x_wconf 78' lang='lat' dir='ltr'>aas</span> <span class='ocrx_word' id='word_1_91' title='bbox 351 1820 528 1885; x_wconf 77' lang='lat' dir='ltr'>Lebensaeit</span> <span class='ocrx_word' id='word_1_92' title='bbox 549 1842 608 1884; x_wconf 82' lang='lat' dir='ltr'>von</span> <span class='ocrx_word' id='word_1_93' title='bbox 626 1818 739 1883; x_wconf 81' lang='lat' dir='ltr'>Delon</span> <span class='ocrx_word' id='word_1_94' title='bbox 760 1822 829 1885; x_wconf 82' lang='lat' dir='ltr'>und</span> <span class='ocrx_word' id='word_1_95' title='bbox 845 1821 977 1901; x_wconf 77' lang='lat' dir='ltr'>Kopitel</span> <span class='ocrx_word' id='word_1_96' title='bbox 997 1822 1052 1883; x_wconf 83' lang='lat' dir='ltr'>des</span> <span class='ocrx_word' id='word_1_97' title='bbox 1063 1821 1297 1901; x_wconf 79' lang='lat' dir='ltr'>Morienstiftes</span> <span class='ocrx_word' id='word_1_98' title='bbox 1317 1821 1352 1883; x_wconf 81' lang='lat' dir='ltr'>in</span> <span class='ocrx_word' id='word_1_99' title='bbox 1362 1818 1481 1899; x_wconf 73' lang='lat' dir='ltr'>Erfurt</span> 
     </span>
     <span class='ocr_line' id='line_1_14' title="bbox 273 1918 1482 2001; baseline -0.002 -20"><span class='ocrx_word' id='word_1_100' title='bbox 273 1919 403 1983; x_wconf 87' lang='lat' dir='ltr'>liberam</span> <span class='ocrx_word' id='word_1_101' title='bbox 434 1922 554 1983; x_wconf 87' lang='lat' dir='ltr'>coriam</span> <span class='ocrx_word' id='word_1_102' title='bbox 577 1927 649 1983; x_wconf 88' lang='lat' dir='ltr'>ante</span> <span class='ocrx_word' id='word_1_103' title='bbox 671 1922 803 2001; x_wconf 83' lang='lat' dir='ltr'>gradus,</span> <span class='ocrx_word' id='word_1_104' title='bbox 831 1918 941 1982; x_wconf 77' lang='lat' dir='ltr'>welclre</span> <span class='ocrx_word' id='word_1_105' title='bbox 960 1920 1068 1981; x_wconf 80' lang='lat' dir='ltr'>verber</span> <span class='ocrx_word' id='word_1_106' title='bbox 1079 1919 1218 2000; x_wconf 85' lang='lat' dir='ltr'>Wylaud</span> <span class='ocrx_word' id='word_1_107' title='bbox 1237 1918 1404 1993; x_wconf 76' lang='lat' dir='ltr'>bewolmte,</span> <span class='ocrx_word' id='word_1_108' title='bbox 1424 1918 1482 1996; x_wconf 68' lang='lat' dir='ltr'>fair</span> 
     </span>
     <span class='ocr_line' id='line_1_15' title="bbox 278 2013 1481 2097; baseline 0 -20"><span class='ocrx_word' id='word_1_109' title='bbox 278 2017 346 2079; x_wconf 83' lang='lat' dir='ltr'>eine</span> <span class='ocrx_word' id='word_1_110' title='bbox 365 2023 569 2097; x_wconf 68' lang='lat' dir='ltr'>angarano-te</span> <span class='ocrx_word' id='word_1_111' title='bbox 592 2016 792 2081; x_wconf 82' lang='lat' dir='ltr'>Geldsttmme</span> <span class='ocrx_word' id='word_1_112' title='bbox 811 2018 879 2079; x_wconf 78' lang='lat' dir='ltr'>und</span> <span class='ocrx_word' id='word_1_113' title='bbox 902 2018 992 2079; x_wconf 75' lang='lat' dir='ltr'>elaten</span> <span class='ocrx_word' id='word_1_114' title='bbox 1014 2016 1093 2079; x_wconf 77' lang='lat' dir='ltr'>Zins</span> <span class='ocrx_word' id='word_1_115' title='bbox 1115 2037 1173 2079; x_wconf 81' lang='lat' dir='ltr'>oon</span> <span class='ocrx_word' id='word_1_116' title='bbox 1198 2019 1217 2078; x_wconf 84' lang='lat'><strong><em>5</em></strong></span> <span class='ocrx_word' id='word_1_117' title='bbox 1241 2013 1390 2078; x_wconf 75' lang='lat' dir='ltr'>Tolmten</span> <span class='ocrx_word' id='word_1_118' title='bbox 1410 2014 1481 2077; x_wconf 79' lang='lat' dir='ltr'>und</span> 
     </span>
     <span class='ocr_line' id='line_1_16' title="bbox 275 2112 1481 2195; baseline 0.001 -19"><span class='ocrx_word' id='word_1_119' title='bbox 275 2114 508 2194; x_wconf 68' lang='lat' dir='ltr'>bScbillt&#39;npen</span> <span class='ocrx_word' id='word_1_120' title='bbox 539 2136 583 2178; x_wconf 84' lang='lat' dir='ltr'>an</span> <span class='ocrx_word' id='word_1_121' title='bbox 614 2116 674 2177; x_wconf 86' lang='lat' dir='ltr'>dos</span> <span class='ocrx_word' id='word_1_122' title='bbox 702 2120 859 2195; x_wconf 74' lang='lat' dir='ltr'>penauntc</span> <span class='ocrx_word' id='word_1_123' title='bbox 887 2114 1019 2195; x_wconf 81' lang='lat' dir='ltr'>Knpr&#39;tel</span> <span class='ocrx_word' id='word_1_124' title='bbox 1045 2115 1114 2177; x_wconf 81' lang='lat' dir='ltr'>und</span> <span class='ocrx_word' id='word_1_125' title='bbox 1136 2120 1158 2178; x_wconf 83' lang='lat'><em>3</em></span> <span class='ocrx_word' id='word_1_126' title='bbox 1179 2112 1328 2177; x_wconf 75' lang='lat' dir='ltr'>Talentm</span> <span class='ocrx_word' id='word_1_127' title='bbox 1355 2113 1481 2177; x_wconf 75' lang='lat' dir='ltr'>auden</span> 
     </span>
     <span class='ocr_line' id='line_1_17' title="bbox 177 2210 595 2277; baseline 0 -2"><span class='ocrx_word' id='word_1_128' title='bbox 177 2244 180 2253; x_wconf 60' lang='lat'><strong><em>¹</em></strong></span> <span class='ocrx_word' id='word_1_129' title='bbox 281 2211 380 2275; x_wconf 81' lang='lat' dir='ltr'>Viltor</span> <span class='ocrx_word' id='word_1_130' title='bbox 403 2210 595 2277; x_wconf 68' lang='lat' dir='ltr'>Ibeodem&#39;cb.</span> 
     </span>
     <span class='ocr_line' id='line_1_18' title="bbox 253 2326 1223 2410; baseline 0.003 -19"><span class='ocrx_word' id='word_1_131' title='bbox 253 2326 371 2392; x_wconf 87' lang='lat' dir='ltr'>Datum</span> <span class='ocrx_word' id='word_1_132' title='bbox 394 2350 478 2393; x_wconf 90' lang='lat' dir='ltr'>anno</span> <span class='ocrx_word' id='word_1_133' title='bbox 499 2328 628 2393; x_wconf 88' lang='lat' dir='ltr'>Domini</span> <span class='ocrx_word' id='word_1_134' title='bbox 651 2328 1019 2410; x_wconf 78' lang='lat' dir='ltr'>M⁰CCC⁰XX1X⁰.‚VI⁰</span> <span class='ocrx_word' id='word_1_135' title='bbox 1040 2330 1117 2393; x_wconf 91' lang='lat' dir='ltr'>Idus</span> <span class='ocrx_word' id='word_1_136' title='bbox 1139 2328 1223 2394; x_wconf 83' lang='lat' dir='ltr'>Maii.</span> 
     </span>
     <span class='ocr_line' id='line_1_19' title="bbox 326 2444 731 2504; baseline 0.007 -5"><span class='ocrx_word' id='word_1_137' title='bbox 326 2444 369 2499; x_wconf 84' lang='lat' dir='ltr'>Or.</span> <span class='ocrx_word' id='word_1_138' title='bbox 389 2446 437 2499; x_wconf 73' lang='lat' dir='ltr'>init</span> <span class='ocrx_word' id='word_1_139' title='bbox 455 2446 534 2499; x_wconf 71' lang='lat' dir='ltr'>ambr.</span> <span class='ocrx_word' id='word_1_140' title='bbox 546 2446 573 2499; x_wconf 85' lang='lat' dir='ltr'>S.</span> <span class='ocrx_word' id='word_1_141' title='bbox 593 2449 630 2499; x_wconf 79' lang='lat' dir='ltr'>im</span> <span class='ocrx_word' id='word_1_142' title='bbox 649 2446 685 2504; x_wconf 88' lang='lat' dir='ltr'>D.</span> <span class='ocrx_word' id='word_1_143' title='bbox 697 2448 731 2504; x_wconf 82' lang='lat' dir='ltr'>A.</span> 
     </span>
    </p>
   </div>
   <div class='ocr_carea' id='block_1_8' title="bbox 170 2641 1479 2729">
    <p class='ocr_par' dir='ltr' id='par_1_8' title="bbox 170 2641 1479 2729">
     <span class='ocr_line' id='line_1_20' title="bbox 170 2641 1479 2729; baseline 0.004 -7"><span class='ocrx_word' id='word_1_144' title='bbox 170 2642 285 2723; x_wconf 74' lang='lat'><strong>1329.</strong></span> <span class='ocrx_word' id='word_1_145' title='bbox 314 2641 424 2723; x_wconf 79' lang='lat' dir='ltr'>duni</span> <span class='ocrx_word' id='word_1_146' title='bbox 450 2643 511 2725; x_wconf 77' lang='lat' dir='ltr'>lc.</span> <span class='ocrx_word' id='word_1_147' title='bbox 1414 2648 1479 2729; x_wconf 77' lang='lat'>76.</span> 
     </span>
    </p>
   </div>
   <div class='ocr_carea' id='block_1_9' title="bbox 273 2776 1482 3160">
    <p class='ocr_par' dir='ltr' id='par_1_9' title="bbox 273 2776 1482 2861">
     <span class='ocr_line' id='line_1_21' title="bbox 273 2776 1482 2861; baseline 0.003 -22"><span class='ocrx_word' id='word_1_148' title='bbox 273 2776 381 2840; x_wconf 69' lang='lat' dir='ltr'>Albani</span> <span class='ocrx_word' id='word_1_149' title='bbox 402 2800 461 2841; x_wconf 68' lang='lat' dir='ltr'>eron</span> <span class='ocrx_word' id='word_1_150' title='bbox 482 2778 691 2861; x_wconf 78' lang='lat' dir='ltr'>Hopfporlen,</span> <span class='ocrx_word' id='word_1_151' title='bbox 721 2776 836 2855; x_wconf 67' lang='lat' dir='ltr'>Rima,</span> <span class='ocrx_word' id='word_1_152' title='bbox 865 2778 1014 2859; x_wconf 78' lang='lat' dir='ltr'>oerlmuft</span> <span class='ocrx_word' id='word_1_153' title='bbox 1033 2780 1147 2841; x_wconf 72' lang='lat' dir='ltr'>atriorem</span> <span class='ocrx_word' id='word_1_154' title='bbox 1169 2778 1330 2859; x_wconf 76' lang='lat' dir='ltr'>Srbwaper</span> <span class='ocrx_word' id='word_1_155' title='bbox 1354 2780 1482 2843; x_wconf 81' lang='lat' dir='ltr'>Contad</span> 
     </span>
    </p>

    <p class='ocr_par' dir='ltr' id='par_1_10' title="bbox 276 2874 1482 2957">
     <span class='ocr_line' id='line_1_22' title="bbox 276 2874 1482 2957; baseline 0.002 -19"><span class='ocrx_word' id='word_1_156' title='bbox 276 2874 461 2955; x_wconf 75' lang='lat' dir='ltr'>Quadrans,</span> <span class='ocrx_word' id='word_1_157' title='bbox 484 2876 610 2956; x_wconf 80' lang='lat' dir='ltr'>Btirpar</span> <span class='ocrx_word' id='word_1_158' title='bbox 631 2878 666 2939; x_wconf 80' lang='lat' dir='ltr'>in</span> <span class='ocrx_word' id='word_1_159' title='bbox 688 2877 822 2955; x_wconf 62' lang='grc' dir='ltr'>Μηνὶ,</span> <span class='ocrx_word' id='word_1_160' title='bbox 845 2877 935 2939; x_wconf 82' lang='lat' dir='ltr'>einen</span> <span class='ocrx_word' id='word_1_161' title='bbox 957 2876 1036 2939; x_wconf 77' lang='lat' dir='ltr'>Zins</span> <span class='ocrx_word' id='word_1_162' title='bbox 1056 2896 1117 2937; x_wconf 72' lang='lat' dir='ltr'>(rats</span> <span class='ocrx_word' id='word_1_163' title='bbox 1139 2875 1351 2957; x_wconf 75' lang='lat' dir='ltr'>Hopfqorten‚</span> <span class='ocrx_word' id='word_1_164' title='bbox 1378 2877 1482 2941; x_wconf 78' lang='lat' dir='ltr'>womit</span> 
     </span>
    </p>

    <p class='ocr_par' dir='ltr' id='par_1_11' title="bbox 274 2972 1436 3160">
     <span class='ocr_line' id='line_1_23' title="bbox 274 2972 1436 3055; baseline 0.003 -21"><span class='ocrx_word' id='word_1_165' title='bbox 274 2972 411 3037; x_wconf 65' lang='lat' dir='ltr'>leitterer</span> <span class='ocrx_word' id='word_1_166' title='bbox 433 2976 501 3036; x_wconf 81' lang='lat' dir='ltr'>eine</span> <span class='ocrx_word' id='word_1_167' title='bbox 522 2976 614 3055; x_wconf 66' lang='lat' dir='ltr'>ewice</span> <span class='ocrx_word' id='word_1_168' title='bbox 635 2974 739 3037; x_wconf 82' lang='lat' dir='ltr'>Messe</span> <span class='ocrx_word' id='word_1_169' title='bbox 761 2975 801 3037; x_wconf 80' lang='lat' dir='ltr'>im</span> <span class='ocrx_word' id='word_1_170' title='bbox 824 2972 1311 3055; x_wconf 60' lang='lat' dir='ltr'>Aequaliter-Erculaneum·</span> <span class='ocrx_word' id='word_1_171' title='bbox 1331 2974 1436 3054; x_wconf 63' lang='lat' dir='ltr'>stillet.</span> 
     </span>
     <span class='ocr_line' id='line_1_24' title="bbox 324 3090 1121 3160; baseline -0.001 -16"><span class='ocrx_word' id='word_1_172' title='bbox 324 3092 500 3160; x_wconf 83' lang='lat' dir='ltr'>Diplomctor</span> <span class='ocrx_word' id='word_1_173' title='bbox 518 3090 564 3145; x_wconf 81' lang='lat' dir='ltr'>des</span> <span class='ocrx_word' id='word_1_174' title='bbox 582 3093 860 3160; x_wconf 67' lang='lat' dir='ltr'>Aequatinerdlootera</span> <span class='ocrx_word' id='word_1_175' title='bbox 877 3110 905 3159; x_wconf 85' lang='lat' dir='ltr'>p.</span> <span class='ocrx_word' id='word_1_176' title='bbox 915 3094 966 3145; x_wconf 78' lang='lat'>143</span> <span class='ocrx_word' id='word_1_177' title='bbox 983 3094 1021 3145; x_wconf 83' lang='lat' dir='ltr'>im</span> <span class='ocrx_word' id='word_1_178' title='bbox 1040 3092 1074 3149; x_wconf 83' lang='lat' dir='ltr'>E.</span> <span class='ocrx_word' id='word_1_179' title='bbox 1087 3096 1121 3145; x_wconf 82' lang='lat' dir='ltr'>A.</span> 
     </span>
    </p>
   </div>
   <div class='ocr_carea' id='block_1_10' title="bbox 168 3195 1483 4650">
    <p class='ocr_par' dir='ltr' id='par_1_12' title="bbox 168 3195 1483 4650">
     <span class='ocr_line' id='line_1_25' title="bbox 254 3195 1479 3279; baseline -0.001 -19"><span class='ocrx_word' id='word_1_180' title='bbox 254 3196 421 3260; x_wconf 88' lang='lat' dir='ltr'>Universis</span> <span class='ocrx_word' id='word_1_181' title='bbox 437 3206 597 3279; x_wconf 86' lang='lat' dir='ltr'>presentes</span> <span class='ocrx_word' id='word_1_182' title='bbox 619 3198 736 3260; x_wconf 88' lang='lat' dir='ltr'>visuris</span> <span class='ocrx_word' id='word_1_183' title='bbox 758 3204 788 3260; x_wconf 88' lang='lat' dir='ltr'>et</span> <span class='ocrx_word' id='word_1_184' title='bbox 809 3200 965 3261; x_wconf 75' lang='lat' dir='ltr'>audituris</span> <span class='ocrx_word' id='word_1_185' title='bbox 986 3217 1045 3260; x_wconf 91' lang='lat' dir='ltr'>nos</span> <span class='ocrx_word' id='word_1_186' title='bbox 1062 3197 1213 3260; x_wconf 71' lang='lat' dir='ltr'>tilbertus</span> <span class='ocrx_word' id='word_1_187' title='bbox 1230 3196 1268 3259; x_wconf 92' lang='lat' dir='ltr'>de</span> <span class='ocrx_word' id='word_1_188' title='bbox 1284 3195 1479 3279; x_wconf 83' lang='lat' dir='ltr'>Hoplgarten</span> 
     </span>
     <span class='ocr_line' id='line_1_26' title="bbox 170 3294 1480 3377; baseline -0.001 -19"><span class='ocrx_word' id='word_1_189' title='bbox 170 3296 264 3358; x_wconf 90' lang='lat' dir='ltr'>miles</span> <span class='ocrx_word' id='word_1_190' title='bbox 286 3297 543 3377; x_wconf 82' lang='lat' dir='ltr'>recognoscimus</span> <span class='ocrx_word' id='word_1_191' title='bbox 565 3295 667 3358; x_wconf 86' lang='lat' dir='ltr'>lucide</span> <span class='ocrx_word' id='word_1_192' title='bbox 695 3296 908 3377; x_wconf 81' lang='lat' dir='ltr'>protestando,</span> <span class='ocrx_word' id='word_1_193' title='bbox 931 3315 983 3359; x_wconf 92' lang='lat' dir='ltr'>me</span> <span class='ocrx_word' id='word_1_194' title='bbox 1009 3296 1049 3359; x_wconf 87' lang='lat' dir='ltr'>de</span> <span class='ocrx_word' id='word_1_195' title='bbox 1075 3313 1232 3358; x_wconf 85' lang='lat' dir='ltr'>consensu</span> <span class='ocrx_word' id='word_1_196' title='bbox 1261 3300 1292 3357; x_wconf 89' lang='lat' dir='ltr'>et</span> <span class='ocrx_word' id='word_1_197' title='bbox 1317 3294 1480 3357; x_wconf 80' lang='lat' dir='ltr'>voluntate</span> 
     </span>
     <span class='ocr_line' id='line_1_27' title="bbox 170 3390 1479 3471; baseline -0.002 -16"><span class='ocrx_word' id='word_1_198' title='bbox 170 3392 370 3470; x_wconf 77' lang='lat' dir='ltr'>Adelheidis,</span> <span class='ocrx_word' id='word_1_199' title='bbox 401 3394 511 3455; x_wconf 85' lang='lat' dir='ltr'>uxoris</span> <span class='ocrx_word' id='word_1_200' title='bbox 547 3400 651 3456; x_wconf 85' lang='lat' dir='ltr'>nostre</span> <span class='ocrx_word' id='word_1_201' title='bbox 689 3393 815 3471; x_wconf 73' lang='lat' dir='ltr'>dilecte,</span> <span class='ocrx_word' id='word_1_202' title='bbox 855 3394 1034 3459; x_wconf 84' lang='lat' dir='ltr'>vendidisse</span> <span class='ocrx_word' id='word_1_203' title='bbox 1073 3394 1203 3456; x_wconf 85' lang='lat' dir='ltr'>honesto</span> <span class='ocrx_word' id='word_1_204' title='bbox 1237 3394 1304 3455; x_wconf 91' lang='lat' dir='ltr'>viro</span> <span class='ocrx_word' id='word_1_205' title='bbox 1336 3390 1479 3455; x_wconf 87' lang='lat' dir='ltr'>Conrado</span> 
     </span>
     <span class='ocr_line' id='line_1_28' title="bbox 171 3488 1481 3573; baseline -0.001 -20"><span class='ocrx_word' id='word_1_206' title='bbox 171 3489 340 3565; x_wconf 84' lang='lat' dir='ltr'>Quadrans</span> <span class='ocrx_word' id='word_1_207' title='bbox 361 3492 421 3552; x_wconf 85' lang='lat' dir='ltr'>civi</span> <span class='ocrx_word' id='word_1_208' title='bbox 434 3488 622 3564; x_wconf 71' lang='lat' dir='ltr'>Erfurtensi,</span> <span class='ocrx_word' id='word_1_209' title='bbox 643 3496 750 3553; x_wconf 89' lang='lat' dir='ltr'>nostro</span> <span class='ocrx_word' id='word_1_210' title='bbox 772 3493 892 3555; x_wconf 88' lang='lat' dir='ltr'>sororio</span> <span class='ocrx_word' id='word_1_211' title='bbox 912 3491 1089 3573; x_wconf 73' lang='lat' dir='ltr'>predileoto</span> <span class='ocrx_word' id='word_1_212' title='bbox 1110 3490 1148 3553; x_wconf 89' lang='lat' dir='ltr'>ad</span> <span class='ocrx_word' id='word_1_213' title='bbox 1167 3510 1296 3553; x_wconf 88' lang='lat' dir='ltr'>manum</span> <span class='ocrx_word' id='word_1_214' title='bbox 1315 3490 1429 3572; x_wconf 82' lang='lat' dir='ltr'>pn‘on’s</span> <span class='ocrx_word' id='word_1_215' title='bbox 1448 3496 1481 3552; x_wconf 93' lang='lat' dir='ltr'>et</span> 
     </span>
     <span class='ocr_line' id='line_1_29' title="bbox 170 3586 1478 3671; baseline -0.001 -21"><span class='ocrx_word' id='word_1_216' title='bbox 170 3588 305 3651; x_wconf 70' lang='lat' dir='ltr'>fratrum</span> <span class='ocrx_word' id='word_1_217' title='bbox 329 3588 449 3651; x_wconf 89' lang='lat' dir='ltr'>ordinis</span> <span class='ocrx_word' id='word_1_218' title='bbox 471 3608 495 3651; x_wconf 93' lang='lat' dir='ltr'>s.</span> <span class='ocrx_word' id='word_1_219' title='bbox 510 3589 685 3671; x_wconf 81' lang='lat' dir='ltr'>Augustini</span> <span class='ocrx_word' id='word_1_220' title='bbox 707 3589 820 3652; x_wconf 89' lang='lat' dir='ltr'>domus</span> <span class='ocrx_word' id='word_1_221' title='bbox 835 3588 1031 3653; x_wconf 79' lang='lat' dir='ltr'>Erfurteusis</span> <span class='ocrx_word' id='word_1_222' title='bbox 1044 3597 1108 3653; x_wconf 89' lang='lat' dir='ltr'>tres</span> <span class='ocrx_word' id='word_1_223' title='bbox 1128 3588 1225 3651; x_wconf 89' lang='lat' dir='ltr'>libras</span> <span class='ocrx_word' id='word_1_224' title='bbox 1238 3586 1478 3652; x_wconf 84' lang='lat' dir='ltr'>Erlordensium</span> 
     </span>
     <span class='ocr_line' id='line_1_30' title="bbox 171 3686 1478 3771; baseline 0 -24"><span class='ocrx_word' id='word_1_225' title='bbox 171 3686 375 3749; x_wconf 89' lang='lat' dir='ltr'>denariorum</span> <span class='ocrx_word' id='word_1_226' title='bbox 403 3688 502 3748; x_wconf 87' lang='lat' dir='ltr'>annui</span> <span class='ocrx_word' id='word_1_227' title='bbox 527 3704 642 3749; x_wconf 90' lang='lat' dir='ltr'>census</span> <span class='ocrx_word' id='word_1_228' title='bbox 669 3687 777 3750; x_wconf 90' lang='lat' dir='ltr'>minus</span> <span class='ocrx_word' id='word_1_229' title='bbox 798 3688 925 3751; x_wconf 89' lang='lat' dir='ltr'>duobus</span> <span class='ocrx_word' id='word_1_230' title='bbox 950 3687 1059 3750; x_wconf 85' lang='lat' dir='ltr'>solidis</span> <span class='ocrx_word' id='word_1_231' title='bbox 1085 3704 1142 3771; x_wconf 90' lang='lat' dir='ltr'>pro</span> <span class='ocrx_word' id='word_1_232' title='bbox 1174 3686 1240 3749; x_wconf 83' lang='lat' dir='ltr'>XII</span> <span class='ocrx_word' id='word_1_233' title='bbox 1260 3687 1376 3749; x_wconf 85' lang='lat' dir='ltr'>mareis</span> <span class='ocrx_word' id='word_1_234' title='bbox 1406 3687 1478 3767; x_wconf 88' lang='lat' dir='ltr'>puri</span> 
     </span>
     <span class='ocr_line' id='line_1_31' title="bbox 169 3783 1479 3867; baseline 0.001 -22"><span class='ocrx_word' id='word_1_235' title='bbox 169 3784 294 3866; x_wconf 86' lang='lat' dir='ltr'>argenti</span> <span class='ocrx_word' id='word_1_236' title='bbox 316 3785 423 3847; x_wconf 88' lang='lat' dir='ltr'>minus</span> <span class='ocrx_word' id='word_1_237' title='bbox 444 3802 509 3846; x_wconf 84' lang='lat' dir='ltr'>una</span> <span class='ocrx_word' id='word_1_238' title='bbox 529 3784 608 3846; x_wconf 82' lang='lat' dir='ltr'>libra</span> <span class='ocrx_word' id='word_1_239' title='bbox 628 3784 720 3847; x_wconf 88' lang='lat' dir='ltr'>uobis</span> <span class='ocrx_word' id='word_1_240' title='bbox 742 3784 937 3867; x_wconf 81' lang='lat' dir='ltr'>integraliter</span> <span class='ocrx_word' id='word_1_241' title='bbox 955 3784 1143 3867; x_wconf 79' lang='lat' dir='ltr'>ponderatis,</span> <span class='ocrx_word' id='word_1_242' title='bbox 1163 3784 1286 3847; x_wconf 86' lang='lat' dir='ltr'>traditis</span> <span class='ocrx_word' id='word_1_243' title='bbox 1306 3789 1338 3846; x_wconf 90' lang='lat' dir='ltr'>et</span> <span class='ocrx_word' id='word_1_244' title='bbox 1358 3783 1479 3847; x_wconf 87' lang='lat' dir='ltr'>solutis.</span> 
     </span>
     <span class='ocr_line' id='line_1_32' title="bbox 168 3880 1479 3965; baseline -0.002 -20"><span class='ocrx_word' id='word_1_245' title='bbox 168 3880 211 3945; x_wconf 87' lang='lat' dir='ltr'>Et</span> <span class='ocrx_word' id='word_1_246' title='bbox 225 3881 386 3964; x_wconf 82' lang='lat' dir='ltr'>predictus</span> <span class='ocrx_word' id='word_1_247' title='bbox 403 3880 568 3945; x_wconf 77' lang='lat' dir='ltr'>Comedus</span> <span class='ocrx_word' id='word_1_248' title='bbox 589 3882 723 3965; x_wconf 85' lang='lat' dir='ltr'>prefatas</span> <span class='ocrx_word' id='word_1_249' title='bbox 745 3882 792 3944; x_wconf 91' lang='lat' dir='ltr'>III</span> <span class='ocrx_word' id='word_1_250' title='bbox 808 3883 905 3946; x_wconf 88' lang='lat' dir='ltr'>libras</span> <span class='ocrx_word' id='word_1_251' title='bbox 925 3881 1052 3945; x_wconf 89' lang='lat' dir='ltr'>duobus</span> <span class='ocrx_word' id='word_1_252' title='bbox 1072 3882 1181 3945; x_wconf 85' lang='lat' dir='ltr'>solidis</span> <span class='ocrx_word' id='word_1_253' title='bbox 1196 3884 1304 3945; x_wconf 89' lang='lat' dir='ltr'>minus</span> <span class='ocrx_word' id='word_1_254' title='bbox 1319 3883 1353 3943; x_wconf 92' lang='lat' dir='ltr'>in</span> <span class='ocrx_word' id='word_1_255' title='bbox 1371 3886 1479 3944; x_wconf 85' lang='lat' dir='ltr'>nostra</span> 
     </span>
     <span class='ocr_line' id='line_1_33' title="bbox 169 3979 1479 4063; baseline -0.001 -21"><span class='ocrx_word' id='word_1_256' title='bbox 169 3979 329 4061; x_wconf 83' lang='lat' dir='ltr'>presentia</span> <span class='ocrx_word' id='word_1_257' title='bbox 351 3979 518 4042; x_wconf 79' lang='lat' dir='ltr'>donatione</span> <span class='ocrx_word' id='word_1_258' title='bbox 544 3981 626 4043; x_wconf 91' lang='lat' dir='ltr'>iuter</span> <span class='ocrx_word' id='word_1_259' title='bbox 655 3981 745 4042; x_wconf 86' lang='lat' dir='ltr'>vivos</span> <span class='ocrx_word' id='word_1_260' title='bbox 767 3980 1014 4043; x_wconf 83' lang='lat' dir='ltr'>irrevocabiliter</span> <span class='ocrx_word' id='word_1_261' title='bbox 1037 3980 1199 4043; x_wconf 88' lang='lat' dir='ltr'>transtulit</span> <span class='ocrx_word' id='word_1_262' title='bbox 1222 3980 1258 4041; x_wconf 93' lang='lat' dir='ltr'>in</span> <span class='ocrx_word' id='word_1_263' title='bbox 1285 3980 1421 4063; x_wconf 88' lang='lat' dir='ltr'>priorem</span> <span class='ocrx_word' id='word_1_264' title='bbox 1446 3984 1479 4042; x_wconf 88' lang='lat' dir='ltr'>et</span> 
     </span>
     <span class='ocr_line' id='line_1_34' title="bbox 169 4076 1480 4160; baseline 0 -21"><span class='ocrx_word' id='word_1_265' title='bbox 169 4076 282 4139; x_wconf 88' lang='lat' dir='ltr'>fratres</span> <span class='ocrx_word' id='word_1_266' title='bbox 310 4076 440 4159; x_wconf 89' lang='lat' dir='ltr'>predicti</span> <span class='ocrx_word' id='word_1_267' title='bbox 460 4077 594 4143; x_wconf 75' lang='lat' dir='ltr'>ordinis,</span> <span class='ocrx_word' id='word_1_268' title='bbox 623 4077 726 4140; x_wconf 89' lang='lat' dir='ltr'>dando</span> <span class='ocrx_word' id='word_1_269' title='bbox 755 4079 801 4141; x_wconf 90' lang='lat' dir='ltr'>eis</span> <span class='ocrx_word' id='word_1_270' title='bbox 830 4098 962 4141; x_wconf 87' lang='lat' dir='ltr'>causum</span> <span class='ocrx_word' id='word_1_271' title='bbox 990 4077 1165 4160; x_wconf 86' lang='lat' dir='ltr'>predictum</span> <span class='ocrx_word' id='word_1_272' title='bbox 1192 4076 1362 4140; x_wconf 82' lang='lat' dir='ltr'>liberaliter</span> <span class='ocrx_word' id='word_1_273' title='bbox 1387 4083 1419 4139; x_wconf 89' lang='lat' dir='ltr'>et</span> <span class='ocrx_word' id='word_1_274' title='bbox 1438 4095 1480 4139; x_wconf 81' lang='lat' dir='ltr'>ex</span> 
     </span>
     <span class='ocr_line' id='line_1_35' title="bbox 171 4173 1481 4258; baseline -0.002 -20"><span class='ocrx_word' id='word_1_275' title='bbox 171 4180 235 4239; x_wconf 90' lang='lat' dir='ltr'>toto</span> <span class='ocrx_word' id='word_1_276' title='bbox 257 4193 314 4258; x_wconf 87' lang='lat' dir='ltr'>pro</span> <span class='ocrx_word' id='word_1_277' title='bbox 336 4175 473 4237; x_wconf 88' lang='lat' dir='ltr'>remedio</span> <span class='ocrx_word' id='word_1_278' title='bbox 492 4177 598 4237; x_wconf 86' lang='lat' dir='ltr'>anime</span> <span class='ocrx_word' id='word_1_279' title='bbox 620 4194 676 4239; x_wconf 88' lang='lat' dir='ltr'>sue</span> <span class='ocrx_word' id='word_1_280' title='bbox 697 4181 728 4237; x_wconf 94' lang='lat' dir='ltr'>et</span> <span class='ocrx_word' id='word_1_281' title='bbox 746 4177 857 4239; x_wconf 88' lang='lat' dir='ltr'>uxoris</span> <span class='ocrx_word' id='word_1_282' title='bbox 877 4195 935 4239; x_wconf 89' lang='lat' dir='ltr'>sue</span> <span class='ocrx_word' id='word_1_283' title='bbox 949 4175 1043 4239; x_wconf 80' lang='lat' dir='ltr'>Tbele</span> <span class='ocrx_word' id='word_1_284' title='bbox 1060 4174 1207 4239; x_wconf 84' lang='lat' dir='ltr'>defuncte</span> <span class='ocrx_word' id='word_1_285' title='bbox 1224 4173 1315 4238; x_wconf 87' lang='lat' dir='ltr'>beate</span> <span class='ocrx_word' id='word_1_286' title='bbox 1328 4174 1481 4237; x_wconf 89' lang='lat' dir='ltr'>memorie</span> 
     </span>
     <span class='ocr_line' id='line_1_36' title="bbox 170 4270 1480 4361; baseline -0.002 -26"><span class='ocrx_word' id='word_1_287' title='bbox 170 4272 211 4335; x_wconf 92' lang='lat' dir='ltr'>ad</span> <span class='ocrx_word' id='word_1_288' title='bbox 233 4271 332 4334; x_wconf 87' lang='lat' dir='ltr'>altare</span> <span class='ocrx_word' id='word_1_289' title='bbox 354 4292 378 4335; x_wconf 91' lang='lat' dir='ltr'>s.</span> <span class='ocrx_word' id='word_1_290' title='bbox 396 4270 520 4351; x_wconf 75' lang='lat' dir='ltr'>Crucis,</span> <span class='ocrx_word' id='word_1_291' title='bbox 546 4274 580 4335; x_wconf 90' lang='lat' dir='ltr'>in</span> <span class='ocrx_word' id='word_1_292' title='bbox 603 4292 666 4354; x_wconf 87' lang='lat' dir='ltr'>quo</span> <span class='ocrx_word' id='word_1_293' title='bbox 689 4292 744 4355; x_wconf 91' lang='lat' dir='ltr'>pro</span> <span class='ocrx_word' id='word_1_294' title='bbox 766 4273 867 4336; x_wconf 83' lang='lat' dir='ltr'>salute</span> <span class='ocrx_word' id='word_1_295' title='bbox 889 4294 948 4337; x_wconf 89' lang='lat' dir='ltr'>sua</span> <span class='ocrx_word' id='word_1_296' title='bbox 969 4281 1001 4337; x_wconf 91' lang='lat' dir='ltr'>et</span> <span class='ocrx_word' id='word_1_297' title='bbox 1020 4272 1159 4337; x_wconf 91' lang='lat' dir='ltr'>remedio</span> <span class='ocrx_word' id='word_1_298' title='bbox 1180 4272 1285 4335; x_wconf 89' lang='lat' dir='ltr'>anime</span> <span class='ocrx_word' id='word_1_299' title='bbox 1300 4270 1480 4361; x_wconf 77' lang='lat' dir='ltr'>Theleiam</span> 
     </span>
     <span class='ocr_line' id='line_1_37' title="bbox 172 4368 1483 4454; baseline -0.002 -21"><span class='ocrx_word' id='word_1_300' title='bbox 172 4370 312 4453; x_wconf 87' lang='lat' dir='ltr'>predicte</span> <span class='ocrx_word' id='word_1_301' title='bbox 332 4372 418 4452; x_wconf 91' lang='lat' dir='ltr'>prior</span> <span class='ocrx_word' id='word_1_302' title='bbox 438 4377 469 4433; x_wconf 88' lang='lat' dir='ltr'>et</span> <span class='ocrx_word' id='word_1_303' title='bbox 488 4370 599 4433; x_wconf 87' lang='lat' dir='ltr'>fratres</span> <span class='ocrx_word' id='word_1_304' title='bbox 626 4370 686 4433; x_wconf 91' lang='lat' dir='ltr'>sibi</span> <span class='ocrx_word' id='word_1_305' title='bbox 715 4372 845 4434; x_wconf 89' lang='lat' dir='ltr'>missam</span> <span class='ocrx_word' id='word_1_306' title='bbox 877 4379 1060 4454; x_wconf 80' lang='lat' dir='ltr'>perpetuam</span> <span class='ocrx_word' id='word_1_307' title='bbox 1087 4369 1259 4433; x_wconf 87' lang='lat' dir='ltr'>liberaliter</span> <span class='ocrx_word' id='word_1_308' title='bbox 1278 4368 1483 4431; x_wconf 87' lang='lat' dir='ltr'>contulerunt</span> 
     </span>
     <span class='ocr_line' id='line_1_38' title="bbox 169 4466 1481 4550; baseline -0.002 -19"><span class='ocrx_word' id='word_1_309' title='bbox 169 4476 200 4531; x_wconf 90' lang='lat' dir='ltr'>et</span> <span class='ocrx_word' id='word_1_310' title='bbox 221 4469 409 4531; x_wconf 86' lang='lat' dir='ltr'>memoriam</span> <span class='ocrx_word' id='word_1_311' title='bbox 430 4468 641 4550; x_wconf 86' lang='lat' dir='ltr'>predictorum</span> <span class='ocrx_word' id='word_1_312' title='bbox 663 4468 697 4531; x_wconf 92' lang='lat' dir='ltr'>in</span> <span class='ocrx_word' id='word_1_313' title='bbox 719 4475 878 4533; x_wconf 85' lang='lat' dir='ltr'>conventu</span> <span class='ocrx_word' id='word_1_314' title='bbox 899 4470 1071 4533; x_wconf 88' lang='lat' dir='ltr'>eorundem</span> <span class='ocrx_word' id='word_1_315' title='bbox 1089 4486 1162 4530; x_wconf 87' lang='lat' dir='ltr'>cum</span> <span class='ocrx_word' id='word_1_316' title='bbox 1185 4466 1303 4548; x_wconf 82' lang='lat' dir='ltr'>vigiliis</span> <span class='ocrx_word' id='word_1_317' title='bbox 1323 4471 1354 4528; x_wconf 90' lang='lat' dir='ltr'>et</span> <span class='ocrx_word' id='word_1_318' title='bbox 1374 4467 1481 4529; x_wconf 90' lang='lat' dir='ltr'>missis</span> 
     </span>
     <span class='ocr_line' id='line_1_39' title="bbox 171 4565 1481 4650; baseline -0.002 -21"><span class='ocrx_word' id='word_1_319' title='bbox 171 4566 392 4629; x_wconf 87' lang='lat' dir='ltr'>defunctorum</span> <span class='ocrx_word' id='word_1_320' title='bbox 407 4565 543 4629; x_wconf 85' lang='lat' dir='ltr'>fideliter</span> <span class='ocrx_word' id='word_1_321' title='bbox 558 4565 786 4645; x_wconf 80' lang='lat' dir='ltr'>observabunt,</span> <span class='ocrx_word' id='word_1_322' title='bbox 808 4570 855 4629; x_wconf 82' lang='lat' dir='ltr'>ita</span> <span class='ocrx_word' id='word_1_323' title='bbox 872 4568 958 4649; x_wconf 88' lang='lat' dir='ltr'>quod</span> <span class='ocrx_word' id='word_1_324' title='bbox 978 4566 1138 4650; x_wconf 87' lang='lat' dir='ltr'>predictus</span> <span class='ocrx_word' id='word_1_325' title='bbox 1158 4583 1273 4629; x_wconf 86' lang='lat' dir='ltr'>census</span> <span class='ocrx_word' id='word_1_326' title='bbox 1286 4583 1306 4626; x_wconf 87' lang='lat' dir='ltr'>a</span> <span class='ocrx_word' id='word_1_327' title='bbox 1321 4570 1481 4627; x_wconf 84' lang='lat' dir='ltr'>conventu</span> 
     </span>
    </p>
   </div>
   <div class='ocr_carea' id='block_1_11' title="bbox 1242 4674 1280 4731">
    <p class='ocr_par' dir='ltr' id='par_1_13' title="bbox 1242 4674 1280 4731">
     <span class='ocr_line' id='line_1_40' title="bbox 1242 4674 1280 4731; baseline 0 -25"><span class='ocrx_word' id='word_1_328' title='bbox 1242 4674 1280 4731; x_wconf 68' lang='grc'>4*</span> 
     </span>
    </p>
   </div>
   <div class='ocr_carea' id='block_1_12' title="bbox 0 0 1770 5209">
    <p class='ocr_par' dir='ltr' id='par_1_14' title="bbox 0 0 1770 5209">
     <span class='ocr_line' id='line_1_41' title="bbox 0 0 1770 5209; baseline 0 0"><span class='ocrx_word' id='word_1_329' title='bbox 0 0 1770 5209; x_wconf 95' lang='lat' dir='ltr'> </span> 
     </span>
    </p>
   </div>
  </div>
 </body>
</html>
