3525 5209
267 385 319 440 124
627 383 903 457 Gerohichtequellen
920 385 970 440 der
987 385 1068 441 Prov.
1082 383 1215 443 Sachaen.

265 535 393 611 ibidem,
413 535 605 619 quibusdam
621 538 699 600 seris
715 537 861 616 effractis,
876 535 1031 601 violenter
1050 536 1201 619 capiendo
1219 539 1250 600 et
1269 535 1417 598 carcerali
1432 534 1574 598 custodie

266 634 490 718 mancipando,
522 655 617 718 quam
654 637 754 698 eciam
785 634 1008 698 Hermannum
1046 635 1200 698 damnum
1235 633 1402 716 predicti..
1435 633 1577 716 magistri

266 733 444 810 consulum,
456 781 481 795 ..
502 733 650 797 consules
665 740 696 796 et
713 739 857 812 rectores,
877 751 999 796 necnon
1019 733 1104 796 cives
1120 731 1263 814 prelibati
1279 731 1364 814 opidi
1376 729 1576 794 Ericrdensis

266 830 450 893 huiusmodi
466 830 615 894 carcerali
624 831 767 894 custodia
781 832 930 914 primum,
942 837 972 894 et
981 830 1093 894 deinde
1104 829 1292 894 Heinricum
1303 835 1334 892 et
1345 828 1578 908 Hermannum,

266 926 379 992 hatres
393 929 534 992 eiusdem
547 973 554 985 .
569 977 575 989 .
598 929 717 1008 decani,
727 927 866 1006 eletione,
875 930 1077 992 retinuerunt
1087 947 1142 1011 per
1153 927 1259 1011 aliqua
1270 933 1419 1011 tempora,
1430 927 1576 1009 quamvis

266 1025 385 1088 inritos
415 1033 447 1089 et
473 1027 600 1109 penitus
627 1027 812 1104 renitentes,
839 1026 980 1089 diversas
1002 1027 1178 1090 sentencias
1203 1027 1578 1101 excommunicationum,

267 1123 500 1206 suspensionis,
528 1124 686 1188 interdicti
710 1129 742 1187 et
765 1123 950 1186 cessationis
975 1123 1154 1186 divinorum
1184 1143 1221 1186 ao
1241 1141 1338 1206 penas
1359 1123 1576 1205 privacionum

267 1221 502 1284 inhabilitatum
528 1228 560 1284 et
589 1222 667 1284 alias
687 1223 722 1284 in
749 1239 783 1285 se
813 1226 845 1285 et
864 1223 899 1285 in
921 1222 989 1285 suis
1009 1221 1129 1295 liberis,
1157 1221 1289 1304 posteris
1315 1227 1345 1284 et
1371 1219 1577 1284 servitoribus

266 1319 455 1397 inciderunt,
476 1325 538 1383 tam
557 1340 576 1383 a
596 1321 666 1383 iure
682 1321 854 1397 communi,
875 1339 972 1403 quam
993 1321 1119 1383 statutis
1135 1321 1216 1384 sacri
1231 1317 1432 1403 provincialis
1453 1317 1577 1381 concilii

267 1415 463 1500 Mogontini,
493 1437 529 1480 ac
555 1418 654 1481 eciam
677 1417 900 1498 synodalibus,
925 1423 1034 1481 contm
1059 1417 1137 1482 tales
1165 1418 1349 1481 clericorum
1371 1419 1578 1501 captivatores

269 1519 301 1578 et
320 1515 498 1579 detentores
519 1516 619 1592 editio,
639 1515 868 1599 promulgatas,
889 1517 1156 1598 memoratique..
1179 1514 1317 1577 decanus
1337 1534 1375 1576 ac
1398 1514 1448 1577 sui
1469 1513 1580 1575 fratres

269 1632 343 1676 oum
376 1613 588 1678 satisfactione
615 1613 721 1677 debita
750 1634 769 1676 a
799 1614 979 1696 captivitate
1006 1613 1189 1677 huiusmodi
1224 1613 1288 1675 sint
1320 1611 1459 1690 dimissi,
1487 1611 1577 1674 liberi

270 1712 398 1794 penitus
426 1715 458 1774 et
489 1711 598 1789 soluti,
619 1717 776 1794 quatenus
802 1712 937 1794 prefatas
959 1712 1131 1776 sententias
1163 1716 1194 1774 et
1224 1729 1321 1793 penas
1354 1709 1509 1788 relaxare,
1541 1729 1578 1771 ac

269 1809 513 1892 dispensationis
542 1809 731 1874 beneficium
760 1812 971 1892 prenotatis..
1006 1809 1131 1873 civibus
1157 1809 1321 1871 occasione
1352 1807 1576 1890 premissorum

267 1907 425 1990 impertiri
454 1909 640 1991 generosius
666 1907 878 1990 dignaremur.
927 1907 1007 1971 (lum
1033 1909 1131 1990 igitur
1156 1906 1265 1970 arduis
1294 1906 1409 1968 nostris
1435 1910 1467 1968 et
1498 1905 1580 1968 dicte

268 2006 353 2068 sedis
372 2005 559 2088 Mogontine
588 2007 727 2088 negociis
754 2006 910 2090 impediti,
937 2007 999 2070 hiis
1026 2006 1065 2068 ad
1092 2024 1220 2089 presens
1248 2024 1303 2088 per
1329 2023 1387 2068 nos
1416 2004 1579 2067 intendere

269 2103 476 2186 personaliter
490 2104 655 2168 commode
670 2123 735 2166 non
752 2106 921 2187 possimus,
941 2109 1044 2168 vestre
1062 2103 1336 2185 circumspectioni
1353 2103 1580 2164 committimus

268 2207 300 2266 et
329 2201 533 2281 mandamus
570 2208 743 2286 quatenus,
777 2204 804 2266 si
840 2203 1010 2286 predicti..
1048 2202 1187 2265 decanus
1222 2207 1253 2263 et
1285 2201 1335 2262 sui
1365 2199 1475 2262 trahes
1506 2217 1578 2262 cum

269 2299 483 2364 satisfactione
503 2299 616 2371 debita.
636 2307 731 2382 prout
751 2301 864 2366 dieti..
886 2303 971 2364 eires
992 2309 1148 2378 asserunt,
1176 2319 1195 2362 a
1217 2297 1301 2362 dicta
1319 2298 1498 2381 captivitate
1517 2298 1581 2360 sint

269 2496 375 2560 sedem
414 2496 708 2580 archiepiscopalem
747 2495 966 2578 Mogontinam
1012 2501 1043 2558 et
1083 2515 1142 2559 nos
1184 2501 1347 2578 tamquam
1385 2495 1579 2577 provisorem

270 2594 353 2658 sedis
379 2594 522 2658 eiusdem
554 2613 743 2659 concernere
774 2594 937 2672 videntur,
972 2600 1003 2657 et
1032 2593 1243 2677 inquantum
1276 2593 1315 2655 ad
1348 2611 1406 2656 nos
1426 2593 1581 2676 pertinere

269 2693 398 2774 poterit,
434 2698 543 2756 nostra
576 2694 761 2756 auctoritate
785 2692 934 2756 relaxetis
962 2701 994 2756 et
1021 2693 1187 2770 revocetis,
1217 2691 1426 2775 predictisque
1455 2689 1579 2754 civibus

270 2791 514 2871 dispensationis
548 2789 737 2853 beneficium
776 2809 872 2872 super
907 2788 1172 2867 inhabilitatibus,
1208 2808 1288 2871 quas
1319 2790 1483 2852 amasione
1513 2805 1582 2871 pre-

270 2889 440 2950 missorum
476 2889 509 2950 in
548 2907 582 2952 se
616 2894 647 2951 et
675 2889 741 2951 suis
773 2889 998 2966 contraxerint,
1029 2889 1213 2950 auctoritate
1244 2894 1350 2951 nostra
1381 2888 1420 2951 de
1453 2886 1580 2970 speciali

269 2988 374 3068 gracia
391 2986 537 3050 similiter
552 2987 749 3069 impendatis
790 2985 909 3049 Datum
925 2983 1069 3062 treviris,
1092 2984 1152 3048 sub
1174 2985 1276 3068 sigillo
1293 2985 1579 3069 archiepiscopatus

270 3086 369 3148 nostri
389 3084 584 3148 trevirensis
604 3092 732 3148 secreto.
775 3085 870 3147 Anno
894 3081 1022 3146 Domini
1047 3081 1349 3146 M⁰OCO⁵XXXVI⁰
1369 3082 1449 3146 feria
1470 3084 1580 3164 quinta

269 3188 343 3247 ante
364 3183 448 3246 diem
469 3182 553 3246 beati
572 3181 690 3246 Mathai
710 3182 918 3264 ewangeliste.

271 3421 386 3502 leae.
414 3420 754 3522 septemanas.
781 3421 921 3507 'Prien
1093 3404 1097 3412 ’
1491 3420 1581 3502 154.

370 3559 512 3621 Dierna
547 3579 606 3621 vcra
643 3557 876 3635 Diedenslaeim,
912 3559 968 3623 der
1003 3559 1063 3622 den
1094 3557 1386 3637 Bevouawcanpten
1421 3556 1474 3620 des
1502 3557 1581 3620 Era-

371 3656 503 3737 be'sclwfs
517 3656 666 3721 Baetae
682 3659 762 3720 eracli
777 3658 896 3738 lirfwt
911 3657 1044 3737 bepleilct
1063 3655 1154 3734 hatte,
1175 3655 1305 3718 schreibt
1325 3675 1369 3717 an
1390 3655 1497 3718 dassen
1519 3653 1581 3717 Ge-

372 3754 505 3818 sandtea
524 3775 577 3816 cm
587 3755 786 3836 pdpstliclaen
806 3755 879 3836 Hof
894 3756 963 3818 rand
983 3753 1125 3818 berichtet
1143 3758 1237 3816 water
1256 3753 1388 3816 andem
1406 3752 1488 3816 cuda
1507 3752 1582 3816 aber

371 3852 431 3914 den
460 3851 598 3916 Frieden
626 3853 679 3916 des
702 3854 901 3934 Erabisclwfs
929 3853 985 3916 mit
1010 3853 1065 3916 der
1093 3851 1197 3928 80000,
1228 3851 1355 3916 wandala
1386 3850 1505 3914 werae
1530 3850 1581 3912 ire-

370 3950 499 4014 werlwlb
522 3956 544 4014 3
562 3950 684 4016 Jaaren
709 3955 799 4017 5000
821 3952 920 4014 Marlr
942 3951 1041 4016 suber
1062 3950 1213 4026 berchters,
1236 3950 1294 4014 den
1312 3948 1498 4029 Eralriselwf
1512 3947 1581 4010 wod

372 4049 431 4112 clos
452 4048 532 4130 Stift
561 4050 675 4114 wieder
705 4051 743 4114 ira
775 4050 836 4113 alle
871 4050 939 4114 ihre
970 4048 1081 4112 Reclrte
1117 4052 1281 4124 einselaen,
1319 4046 1395 4110 alles
1425 4066 1487 4108 ows
1516 4046 1585 4108 dem

372 4148 522 4212 Mainaer
541 4148 624 4229 Hose
648 4148 848 4212 Entweadete
867 4147 980 4211 wieder
1000 4147 1207 4225 hwcwspeben
1229 4145 1297 4208 wad
1326 4145 1383 4208 dea
1403 4149 1425 4208 3
1458 4143 1584 4208 Woclwn

375 4245 450 4326 lcnp
486 4248 642 4327 pesbnpen
676 4245 857 4327 pelaolteaen
891 4243 1006 4309 Deltae
1039 4243 1206 4306 Hernwan
1240 4263 1297 4306 oon
1334 4242 1438 4306 Bibra
1471 4240 1584 4304 wieder

372 4344 569 4408 restilwieren
590 4347 720 4408 missal
762 4341 864 4406 Daren
885 4343 981 4406 laeisst
1001 4363 1032 4406 es
1052 4343 1172 4406 writer:

353 4497 390 4506 -
413 4497 450 4506 —-
473 4497 510 4505 —
533 4461 595 4525 Iste
610 4467 658 4525 est
677 4461 806 4524 effectus
842 4460 1079 4542 compositionis
1109 4459 1190 4520 facte
1222 4477 1277 4540 per
1309 4459 1474 4522 dominum
1505 4477 1581 4520 cum

273 4559 540 4627 Erfordiensibus.
580 4559 622 4622 lit
652 4564 700 4623 est
730 4559 808 4622 adeo
838 4559 1008 4642 generalis,
1040 4557 1123 4640 quod
1145 4557 1205 4640 ipsi
1238 4558 1323 4620 cives
1345 4557 1447 4619 adbuc
1469 4557 1525 4618 vix
1552 4556 1585 4617 in
