3525 5209
306 401 359 460 574
435 459 444 474 ,
670 395 943 473 (ieschiclrtsqucllen
964 394 1013 457 der
1031 399 1110 456 Pror.
1122 393 1252 456 Sachsen.

306 555 449 620 Romane
469 555 598 619 ecclesie
619 559 649 618 et
670 555 754 618 sedis
774 554 942 638 apostolice
964 554 1077 618 facturi
1098 558 1188 618 erant
1208 573 1263 636 pro
1285 571 1319 616 se
1338 557 1369 616 ct
1383 551 1453 616 aliis
1467 551 1612 636 opidanis

307 674 364 718 seu
385 655 592 719 universitate
613 654 687 716 dicti
708 653 793 737 opidi
814 653 852 716 de
873 651 986 717 stando
1007 657 1038 716 et
1058 651 1232 716 obediendo
1255 651 1412 715 mandatis
1434 650 1614 735 apostolicis

306 759 338 816 et
363 753 484 816 domini
510 753 607 816 nostri
629 770 708 835 pape
729 769 825 834 super
854 751 928 830 hiis,
959 770 1054 834 super
1087 749 1207 834 quibus
1237 768 1404 834 processus
1434 755 1511 812 sunt
1539 749 1615 812 facti

307 857 490 914 conusens
516 852 547 913 in
575 849 715 912 favorem
742 849 862 912 domini
885 847 1037 912 Ludovici
1066 847 1291 932 archiepiscopi
1312 847 1490 932 Magantini
1523 848 1615 910 iuxta

307 956 446 1013 mentem
488 948 688 1032 quarundam
733 947 907 1010 litterarum
950 947 1193 1030 apostolicarum
1233 945 1293 1010 sub
1329 946 1402 1010 dato
1450 946 1613 1008 Arinione

306 1048 346 1111 H.
359 1048 437 1110 ldus
453 1046 609 1125 Ianuarii,
630 1045 831 1128 pontificatus
852 1046 972 1109 domini
985 1045 1126 1129 Gregorii
1148 1064 1227 1128 pape
1238 1043 1399 1108 undecimi
1416 1063 1501 1107 anno
1516 1051 1615 1120 sexto,
1675 1107 1677 1113 A
1745 1083 1746 1086 =

307 1165 372 1208 non
404 1151 452 1208 est
484 1164 541 1207 nec
581 1147 639 1207 erit
670 1162 781 1207 eorum
819 1143 869 1207 vel
900 1144 980 1207 dicte
1020 1144 1235 1208 universitatis
1266 1144 1456 1206 intensionis
1491 1142 1613 1226 aliquid

308 1246 496 1328 promittere,
522 1262 578 1306 seu
606 1261 714 1326 seper
736 1243 794 1305 hoc
814 1242 853 1305 ad
874 1241 994 1325 aliquid
1017 1242 1156 1326 obligare
1177 1249 1232 1305 aut
1252 1241 1478 1324 obligationem
1501 1241 1612 1304 huius-

308 1341 393 1404 modi
416 1341 454 1403 ad
482 1340 601 1422 aliquid
628 1339 712 1402 aliud
742 1359 776 1403 se
802 1340 945 1420 extendi,
973 1341 1035 1404 nisi
1063 1340 1101 1403 ad
1124 1360 1161 1404 ea
1181 1341 1362 1413 dumtaxat,
1401 1357 1463 1422 que
1491 1340 1552 1422 ipsi
1579 1359 1615 1402 ar

309 1441 391 1502 dicta
424 1440 612 1502 universitas
649 1457 721 1501 cam
759 1439 877 1501 honore
909 1443 939 1502 et
975 1439 1161 1501 discretione
1202 1457 1238 1502 ac
1272 1437 1393 1520 absque
1429 1437 1616 1500 detraxione

308 1544 409 1600 status
435 1545 465 1599 et
496 1537 624 1600 lionoris
651 1539 791 1619 ipsorum
820 1557 855 1599 ao
885 1537 966 1600 dicte
988 1538 1203 1600 universitatis
1223 1536 1325 1599 facere
1346 1540 1493 1618 possunt,
1519 1543 1550 1597 et
1581 1541 1614 1597 ut

308 1638 353 1698 sic
374 1642 406 1698 ot
432 1655 505 1697 eum
534 1635 587 1698 tali
608 1636 784 1698 intentione
806 1641 836 1698 et
857 1635 968 1699 ellectu
991 1635 1170 1714 dumtaxat,
1204 1641 1239 1697 ut
1266 1634 1469 1717 premittitur,
1498 1633 1614 1696 dictam

307 1735 548 1818 promissionem
576 1752 631 1816 per
651 1753 806 1816 organum
834 1735 920 1797 vocis
942 1733 1134 1796 honorabilis
1163 1734 1222 1795 viri
1245 1731 1425 1794 l’riutaonis
1452 1730 1491 1793 de
1512 1729 1616 1793 (tartha

306 1833 375 1894 lieri
397 1831 574 1894 voluerunt.
616 1831 656 1892 lit
680 1851 738 1893 nos
757 1829 893 1894 'l'homas
916 1831 1033 1894 clectus
1056 1831 1231 1895 antedictus
1252 1829 1447 1892 diximusne
1467 1829 1616 1908 dicimus

309 1931 551 2012 recognovimus
576 1936 607 1992 nt
637 1931 893 2011 recognoscimus
919 1949 974 2014 per
999 1936 1174 2014 presentes,
1204 1934 1308 1990 nostre
1337 1927 1523 1990 intentionis
1552 1947 1614 1989 non

306 2030 405 2092 fuisse
427 2047 485 2090 nce
506 2032 600 2107 esse,¹
627 2027 743 2091 dictam
764 2031 1005 2112 promissionem
1033 2030 1101 2091 vice
1124 2035 1154 2090 et
1176 2029 1304 2090 nomine
1330 2025 1495 2089 antedictis
1524 2025 1616 2088 aliter

312 2147 417 2210 quum,
439 2135 473 2189 ut
483 2127 682 2209 premittitur,
704 2127 792 2189 iuxta
808 2133 945 2190 mentem
961 2132 992 2190 et
1001 2127 1210 2190 intencionem
1224 2125 1379 2187 dictorum
1391 2125 1613 2206 magistrorum

309 2225 477 2288 consulum
514 2243 570 2288 seu
601 2223 839 2308 proconsulum,
878 2223 1048 2287 consulum
1085 2231 1116 2286 et
1152 2224 1359 2306 opidanorum
1395 2223 1545 2306 recipere,
1578 2243 1614 2285 ar

310 2324 469 2386 voluimus
490 2328 521 2385 et
543 2323 691 2385 volumus
713 2323 797 2402 ipsos
819 2323 908 2386 iuxta
931 2321 1058 2385 modum
1079 2329 1109 2384 et
1130 2321 1346 2384 condicionem
1366 2321 1541 2384 antedictos
1559 2340 1615 2402 per

306 2421 420 2484 (lictum
448 2421 703 2503 promissionem,
730 2427 764 2482 ut
793 2421 961 2502 prefertur,
988 2419 1163 2483 faciendam
1190 2421 1356 2484 dumtaxat
1388 2418 1530 2501 obligari.
1575 2417 1611 2480 In

308 2538 443 2601 uiromm
467 2520 610 2582 oiuniuru
632 2525 663 2581 et
683 2518 881 2600 singulorum
903 2520 1130 2601 promissorum
1157 2519 1374 2582 testimonium
1402 2523 1497 2599 atque
1518 2516 1611 2578 tidem

307 2623 484 2698 presentem
518 2625 657 2680 irostrum
684 2617 817 2679 litteram
845 2637 902 2680 seu
931 2636 1060 2700 presens
1092 2617 1254 2700 publicum
1283 2618 1530 2678 instrumentum
1560 2634 1615 2697 per

308 2713 482 2777 Iohannem
509 2715 546 2777 de
571 2714 768 2792 Hillislreim,
799 2716 956 2778 notarium
985 2715 1148 2798 publicum
1172 2715 1384 2797 subscriptum
1414 2713 1613 2794 scribamque

307 2818 461 2891 nostrum,
484 2812 639 2875 subscribi
650 2825 681 2874 et
692 2811 844 2895 publicari
857 2815 1089 2894 mandavimus
1110 2815 1273 2895 nostrique
1284 2812 1387 2893 sigilli,
1409 2832 1471 2894 qiro
1482 2813 1616 2896 pridem,

308 2911 382 2972 diam
418 2911 497 2972 sacri
529 2911 639 2994 palacii
672 2917 770 2994 apost.
793 2931 961 2976 carisarum
985 2913 1110 2976 auditor
1143 2933 1284 2984 eranms.
1318 2913 1487 2977 utebamur
1518 2921 1548 2978 et
1580 2915 1612 2977 in

308 3010 444 3090 presenti
472 3009 605 3085 utinmr,
635 3011 828 3093 appensione
854 3011 983 3074 niuniri.
1033 3014 1110 3074 Actu
1137 3019 1167 3074 et
1192 3013 1274 3074 lacta
1300 3020 1375 3074 sunt
1401 3013 1458 3074 bec
1484 3033 1568 3075 antio
1596 3033 1612 3074 a

309 3107 470 3168 nativitate
489 3104 616 3169 Domini
632 3107 799 3170 millesimo
814 3111 1036 3172 trecentesimo
1051 3112 1281 3192 septuagesimo
1300 3111 1448 3193 septimo,
1464 3110 1528 3174 ind.
1541 3109 1615 3188 XV,

308 3205 358 3266 dio
382 3206 530 3267 vicesima
555 3224 641 3267 nona
665 3207 782 3269 mensis
804 3205 892 3286 Maii,
919 3207 994 3270 hora
1020 3209 1184 3271 tertiarum
1207 3209 1256 3270 vel
1278 3209 1384 3291 arraei,
1411 3207 1611 3291 pontificatus

307 3302 416 3385 prefati
437 3302 628 3366 sanctissimi
657 3305 690 3365 in
710 3303 833 3366 Christo
859 3306 957 3386 patris
984 3325 1020 3368 arr
1041 3305 1162 3368 domini
1184 3307 1296 3387 nostri,
1324 3306 1444 3368 domini
1470 3305 1611 3387 Gregorii

307 3419 386 3482 pape
406 3399 566 3464 undecimi
587 3421 670 3464 aimo
690 3403 838 3485 septimo,
860 3405 891 3464 in
916 3403 982 3465 loco
1005 3405 1230 3486 surpraseripto,
1261 3404 1459 3486 presentibus
1480 3405 1612 3467 honora-

308 3498 425 3562 bilibus
455 3501 532 3563 viris
564 3499 748 3563 Hermanno
778 3501 817 3562 de
845 3499 1053 3583 Wittinborg,
1083 3503 1206 3564 notario
1233 3501 1374 3584 publico,
1405 3500 1543 3564 Hemico
1575 3503 1613 3564 de

308 3595 431 3660 Grisen
453 3605 485 3660 et
499 3597 610 3661 Tilone
637 3598 677 3661 de
699 3597 821 3678 Elrich,
848 3599 960 3662 clerico
983 3597 1168 3682 Magantine
1195 3600 1340 3678 diocesia,
1368 3607 1399 3663 et
1424 3600 1493 3662 aliis
1515 3619 1610 3682 quarn

307 3695 453 3780 pluribus
473 3697 536 3759 fide
557 3698 662 3780 dignis
680 3697 823 3779 testibus,
843 3698 882 3761 ad
900 3699 1053 3781 premissa
1075 3699 1193 3761 vocatis
1208 3697 1382 3780 specialiter
1393 3702 1424 3760 et
1434 3700 1574 3779 rogatis.¹

307 3830 495 3954 H'll'th'nm
529 3832 587 3886 dau
615 3833 784 3887 lanternario
809 3834 878 3886 stetu
913 3831 956 3886 die
983 3833 1159 3902 Rclzopnita'on
1195 3832 1241 3884 des
1269 3831 1373 3884 Notans
1399 3831 1542 3885 Johannes
1579 3831 1613 3885 de

339 3917 347 3953 ι
371 3917 394 3954 ra
413 3917 476 3956 earu.

308 4151 414 4233 1377.
445 4151 531 4233 liat
558 4152 625 4234 30.
652 4152 815 4233 Erfurt.
1521 4149 1609 4236 786.

409 4286 477 4350 Der
500 4287 672 4368 pdpstlictc
699 4286 845 4350 Nuntius
871 4287 1072 4351 Thamusida
1100 4287 1301 4350 Amurumvta's
1333 4285 1434 4348 trauclrt
1459 4284 1613 4347 marianis

408 4387 460 4448 {tir
484 4385 582 4448 Beue
609 4391 744 4467 (lrcpors
774 4387 833 4454 XI,
860 4407 927 4449 rona
959 4391 1008 4452 12.
1024 4386 1156 4450 donatur
1184 4385 1317 4448 luberent
1340 4383 1409 4446 rand
1431 4383 1482 4446 die
1506 4383 1610 4446 daron-

407 4485 576 4566 peluu'ipste
594 4486 766 4567 avorteottpe
786 4485 984 4568 Aufbsbunp
1006 4486 1059 4546 aas
1080 4483 1220 4549 Baiuras.

460 4603 504 4657 Or.
524 4606 574 4657 mit
590 4604 616 4658 d.
627 4603 653 4659 S.
672 4605 709 4658 im
727 4603 790 4673 Kar.
802 4603 841 4658 St.
853 4606 887 4659 A.
897 4619 931 4656 ru
941 4603 980 4656 M.
