3525 5209
494 390 725 448 crumentum
742 391 792 446 ner
809 391 893 448 saur
910 365 1014 446 nne.
1051 391 1090 446 11.
1102 390 1190 446 rnen
1448 393 1498 447 ns

191 542 378 628 Mogontine
414 563 538 607 necnon
563 563 674 608 omnes
699 549 730 606 et
751 543 895 628 singulos
916 543 1067 628 prelatos,
1096 543 1225 608 clericos
1248 547 1278 606 et
1305 543 1402 608 laicos
1422 544 1500 608 civi·

192 643 266 705 tatis
277 649 309 705 et
322 643 466 723 dyocesis
477 641 673 724 Magrrntine,
692 643 748 725 qui
760 641 876 724 prefato
892 639 1042 706 Heinrieo
1059 642 1290 724 archiepiscopo
1303 639 1501 725 Maguntino,

193 746 355 823 tamquam
385 760 495 804 eorum
521 759 596 804 vero
618 739 849 823 archiepiscopo
874 745 906 802 et
928 739 1106 802 animarum
1130 759 1259 802 suarum
1284 741 1415 822 pastori,
1437 758 1500 802 uon

193 838 320 901 obedire
341 845 502 918 curarent,
528 857 583 920 per
607 839 779 900 sententias
800 838 1019 920 suspensionis
1041 843 1071 900 et
1099 838 1437 900 excommunicationis
1466 839 1498 899 iu

193 955 343 1018 personas
372 941 403 998 et
420 935 576 999 interdicti
594 937 628 999 in
649 935 717 998 loca
738 935 858 998 dudum
879 936 1068 1019 processisse
1087 940 1268 1014 noscantur,
1287 955 1372 997 nunc
1394 941 1500 998 autem

194 1035 359 1096 memorati
382 1082 409 1096 ..
431 1035 618 1117 prepositus
640 1080 666 1097 ..
689 1032 829 1096 decanus
849 1039 880 1095 et
904 1033 1077 1116 capitulum
1099 1052 1135 1096 ac
1152 1032 1245 1096 ceteri
1259 1031 1379 1114 prelati,
1397 1033 1501 1097 clerici

193 1136 225 1193 et
250 1131 320 1193 laici
350 1133 487 1194 civitatis
514 1136 546 1194 et
571 1131 716 1212 dyocesis
744 1129 931 1212 Mogontine
961 1131 1062 1194 cidem
1092 1131 1219 1192 dominc
1240 1128 1405 1210 Heinrico,
1433 1137 1501 1194 tun-

193 1247 289 1311 quam
307 1247 365 1292 suo
382 1215 615 1311 archiepiscope
635 1238 667 1292 et
687 1230 866 1292 animarum
886 1247 1016 1292 suarum
1033 1229 1149 1312 pastori
1168 1227 1316 1290 obediant
1336 1229 1502 1293 efficaciter

193 1331 224 1387 et
255 1315 439 1404 intendant,
472 1345 532 1389 nos
567 1345 695 1410 quoque
728 1326 948 1404 attendentes,
972 1326 1056 1409 quod
1088 1325 1243 1388 bonarum
1272 1327 1426 1389 mentium
1455 1334 1502 1391 est

193 1412 472 1506 culpam-timere,
498 1423 553 1486 ubi
581 1424 674 1507 culpa
695 1443 760 1486 nen
782 1430 844 1501 est,
873 1424 912 1486 ad
933 1425 1087 1487 instantes
1103 1423 1349 1506 supplicationes
1369 1425 1501 1488 honore—

193 1519 306 1603 bilium
332 1522 473 1584 virorum
507 1519 742 1584 dominorum..
773 1523 933 1604 prepositi,
946 1570 972 1584 ..
1005 1521 1114 1584 decani
1151 1527 1182 1584 et
1214 1522 1342 1603 capituli
1373 1522 1502 1586 ecclesie

194 1617 379 1703 Mogontine
400 1637 436 1680 ac
454 1620 552 1681 totius
573 1620 646 1682 cleri
668 1620 804 1682 civitatis
828 1626 859 1681 et
879 1618 1024 1698 dyocesis
1048 1618 1242 1700 llaguutiue,
1262 1619 1344 1681 dicto
1366 1621 1501 1702 capitulo

191 1723 270 1778 tunc
299 1716 496 1793 adherentes,
522 1735 614 1778 nunc
641 1735 716 1780 vero
743 1716 844 1778 eidem
872 1717 1001 1778 domino
1033 1715 1181 1780 Heinrico
1207 1721 1370 1798 tamquam
1403 1718 1502 1780 archi-

192 1817 338 1898 episcopo
368 1813 551 1897 Maguutino
576 1815 687 1878 devote
714 1813 929 1878 obedientium
953 1821 983 1878 et
1012 1814 1193 1878 obedientes
1213 1813 1325 1891 factes,
1352 1817 1408 1897 qui
1436 1833 1501 1879 me-

190 1917 290 1976 tuunt
310 1929 345 1975 se
365 1917 525 1974 eteorum
548 1912 721 1995 quemlibet
748 1914 920 1976 sententias
947 1913 1165 1995 suspensionis
1190 1917 1221 1974 et
1246 1915 1501 1976 excommunica-

191 2011 289 2073 tionis
306 2010 427 2072 rabone
437 2011 551 2093 prioris
569 2009 782 2073 inobedientis
797 2011 833 2072 in
842 2029 994 2093 personas
1005 2029 1080 2076 suas
1090 2010 1261 2073 incurrisse
1272 2013 1422 2074 eteorum
1434 2011 1501 2073 locu

191 2107 401 2170 eeclesiastico
413 2108 746 2191 suppositainterdicto
759 2108 913 2192 prelatos.
928 2161 933 2171 .
947 2108 1151 2191 prepositum,
1165 2155 1171 2168 .
1185 2159 1192 2172 .
1210 2108 1364 2171 decanum
1381 2109 1502 2190 etcapi·

191 2204 296 2267 tulum
315 2205 546 2288 universosque
561 2210 593 2270 et
607 2207 750 2289 singulos
766 2207 911 2280 clericos,
929 2206 1095 2289 religiosos
1110 2211 1141 2268 et
1159 2205 1330 2284 seculares,
1348 2224 1385 2268 ac
1406 2205 1502 2270 laicos

192 2303 362 2384 utriusque
392 2319 502 2381 sexus,
530 2304 753 2387 cuiuscunque
780 2309 880 2367 status
908 2303 959 2365 vel
988 2302 1177 2366 conditionis
1208 2304 1347 2366 existant
1367 2305 1502 2368 civitatis

194 2406 225 2463 et
255 2399 398 2480 dyocesis
430 2399 633 2482 Mogontine,
665 2421 701 2464 ac
722 2403 816 2464 etiam
850 2403 1016 2484 magistros
1049 2400 1262 2479 consulum..
1296 2400 1442 2464 consules
1473 2408 1504 2466 et

192 2499 295 2576 cives,
334 2515 455 2560 necnon
491 2497 612 2561 incolas
643 2497 860 2562 Erfurdeuses·
876 2506 908 2562 et
929 2498 1063 2562 aliorum
1099 2498 1265 2581 opidorum
1296 2505 1326 2561 et
1361 2499 1503 2563 locorum

194 2595 337 2676 dyocesis
370 2593 555 2677 Mogrrntine
590 2597 755 2679 utriusque
788 2615 886 2660 sexus
913 2604 945 2660 et
972 2615 1082 2660 eorum
1109 2595 1293 2680 quemlihet,
1323 2598 1378 2679 qui
1402 2597 1504 2660 eidem

195 2692 322 2755 domiuo
350 2701 458 2755 nostro
488 2694 719 2778 archiepiscopo
746 2693 934 2776 Maguntino
964 2702 1041 2757 tunc
1070 2713 1136 2757 non
1166 2693 1389 2775 obediverunt,
1416 2713 1505 2759 nunc

195 2789 346 2852 ebediunt
376 2796 414 2852 et·
430 2791 613 2872 intendunt,
644 2794 828 2856 auctoritate
854 2792 947 2855 nobis
975 2794 1008 2854 in
1037 2793 1095 2854 hac
1116 2797 1203 2874 parte
1224 2793 1393 2855 commissa
1412 2795 1505 2856 iuxta

193 2899 325 2961 formam
348 2888 477 2951 ecclesie
496 2909 515 2950 a
535 2892 700 2953 sententiis
720 2891 1100 2965 excommunicationum,
1121 2907 1201 2972 quas
1222 2895 1253 2952 et
1281 2891 1307 2952 si
1330 2908 1410 2971 quas
1431 2909 1504 2953 ran-

194 3003 267 3048 core
286 2984 368 3048 dicte
381 2983 594 3050 inobedientis
607 2989 820 3067 incurrerunt,
840 2987 1048 3051 absolvendos
1068 2987 1221 3052 duximus
1242 2987 1327 3049 etad
1348 2987 1503 3050 cautelam

193 3082 389 3147 absolvimus
414 3086 448 3147 in
482 3087 544 3148 hiis
571 3087 707 3169 scriptis,
734 3104 856 3148 necnon
879 3085 1097 3168 suspensionis
1112 3083 1298 3148 divinorum
1320 3086 1504 3149 auctoritate

193 3185 291 3244 etex
315 3201 412 3245 causa
439 3183 587 3265 predictis
613 3184 732 3267 prolata
751 3183 893 3246 tollimus
914 3182 1059 3246 similiter
1079 3181 1117 3244 ad
1147 3181 1317 3260 cautelam,
1346 3182 1503 3246 interdicti

194 3281 366 3346 sententias
394 3282 593 3362 presentibus
613 3282 809 3360 relaxamus,
834 3280 1022 3344 mandentes
1042 3279 1131 3342 vobis
1152 3285 1184 3342 et
1204 3278 1333 3342 cuilibet
1356 3285 1504 3360 vestrum,

194 3376 233 3438 ad
261 3395 343 3459 ques
370 3385 530 3460 presentes
562 3380 777 3462 pervenerint,
805 3383 836 3441 et
868 3384 962 3461 prout
991 3377 1134 3460 requisiti
1167 3376 1304 3456 fueritis,
1335 3375 1396 3440 sub
1423 3393 1506 3460 pena

194 3476 412 3556 suspensionis
433 3475 473 3537 ab
493 3475 606 3540 officiis
627 3477 824 3553 divinorum,
850 3481 1008 3558 quatenus
1023 3525 1049 3539 ..
1078 3475 1282 3557 prepositum,
1295 3522 1320 3536 ..
1348 3474 1504 3538 decanum

194 3576 226 3633 et
245 3571 419 3653 capitulum
448 3573 578 3636 ecclesie
598 3571 785 3654 Maguntine
811 3591 936 3636 necnon
956 3591 1067 3636 omnes
1096 3579 1127 3636 et
1152 3571 1296 3655 singulos
1314 3619 1338 3634 ..
1360 3573 1505 3655 prelatos,

197 3667 335 3746 clericos,
358 3670 520 3750 religiosos
541 3677 571 3734 et
593 3671 766 3750 seculares,
791 3690 828 3734 ec
848 3670 946 3733 laicos
967 3673 1136 3754 utriusque
1155 3688 1262 3750 sexus,
1283 3669 1505 3752 cuiuscunque

194 3767 383 3830 conditionis
411 3768 462 3831 vel
483 3773 584 3831 status
605 3770 751 3849 existant,
771 3769 909 3831 civitatis
937 3774 968 3831 et
988 3769 1122 3831 diocesis
1143 3766 1330 3851 Maguntine
1350 3767 1505 3850 predictos

194 3881 233 3925 ac
262 3865 398 3927 etiam..
426 3866 593 3948 magistros
619 3866 836 3945 consulum..
864 3866 1012 3929 consules
1037 3873 1069 3928 et
1099 3867 1200 3944 cives,
1234 3883 1357 3927 necnon
1386 3864 1506 3928 incolas

194 3958 400 4025 Briordenses
421 3981 458 4025 ac
477 3962 611 4026 alierum
638 3963 805 4046 opidorum
837 3967 869 4026 et
889 3963 1030 4026 locorum
1051 3963 1132 4026 dicte
1155 3962 1341 4045 hloguntine
1362 3960 1505 4042 dyocesis

193 4060 363 4142 utriusque
388 4079 487 4123 sexus
516 4068 547 4124 et
570 4060 743 4143 quemlibet
763 4079 873 4124 corum
903 4061 1091 4144 prescriptos
1113 4061 1147 4121 in
1175 4059 1314 4122 ecclesiis
1337 4061 1449 4122 vestris
1475 4066 1506 4124 et

194 4155 282 4230 alibi,
305 4155 361 4221 uhi
379 4164 573 4240 oportunum
593 4159 702 4237 fuerit,
729 4157 891 4222 absolutos
917 4164 948 4221 et
979 4158 1151 4222 sententias
1182 4157 1400 4240 suspensionis
1426 4157 1505 4219 divi-

193 4273 309 4316 norum
325 4261 357 4316 et
377 4254 535 4317 interdicti
550 4255 717 4329 relaxatas,
739 4262 775 4318 ut
789 4257 989 4338 premittitur,
1010 4256 1136 4339 publice
1154 4256 1317 4319 nuntietis.
1359 4253 1506 4318 Reddun-

194 4359 259 4413 tur·
272 4351 374 4414 littere
400 4351 534 4434 sigillate
559 4354 593 4416 in
619 4355 747 4434 signum
772 4355 970 4417 executionis
996 4355 1085 4417 facte.
1128 4350 1246 4416 Datum
1270 4371 1354 4416 anno
1376 4351 1505 4416 Domini

196 4447 585 4528 M.OOO.XXXV11.,in
607 4452 744 4514 crastino
765 4449 848 4514 beati
869 4449 1013 4534 Remigii.

343 4555 403 4610 aSo
418 4555 457 4609 im
477 4556 522 4611 Or.
