3525 5209
491 382 720 443 Urlruudeubuch
738 384 788 441 der
805 383 889 442 Stadt
907 382 1012 445 Erfurt.
1050 381 1090 447 ΙΙ.
1107 382 1194 443 Theil.
1441 393 1491 445 657

190 542 298 604 multis
327 541 510 624 strepitibus
536 560 571 601 ac
594 540 727 601 diversis
755 538 946 601 clamoribus
973 558 1045 601 cum
1074 539 1276 622 turpiloquiis
1298 546 1328 603 et
1348 541 1494 624 pluribus

187 638 258 702 aliis
296 639 487 714 inhonestis3
520 644 567 700 est
596 639 694 699 eciam
729 639 796 719 ipsa
826 638 972 715 ecclesia,
1006 645 1040 698 ut
1072 638 1144 699 facti
1177 639 1345 701 notorietas
1378 640 1494 721 educet,

189 737 362 819 plurimum
392 738 522 799 ruinosa
550 745 580 797 et
608 736 732 797 ruinam
764 737 903 797 minatur
932 734 1108 813 nranileste,
1137 742 1260 818 propter
1288 738 1371 817 quod
1394 740 1493 801 eciam

189 835 401 897 verisimiliter
426 836 555 897 timetur
579 834 619 895 de
643 832 781 916 periculo
804 835 995 896 iutranciom
1017 838 1048 896 et
1069 832 1298 896 celebrancium
1322 838 1352 898 iu
1376 837 1495 916 eadem,

190 931 1494 1017 mqwdmm0Mmmmdemmmmmmmmfflmmpmm-

190 1031 306 1093 bantur
325 1038 494 1112 etquoque
511 1031 543 1091 in
561 1038 671 1104 totum,
693 1029 776 1111 quod
794 1030 923 1109 gravius
935 1034 990 1105 est,
1011 1030 1207 1092 omittuntur.
1237 1030 1327 1093 Unde
1349 1051 1414 1107 noa,
1435 1034 1494 1114 piis

194 1127 1495 1213 mmmmmmmmmdmmmumrmumumrmmmmmummommmuaemm-

192 1224 1494 1308 mmmwsQmfflnmfflssfflmmmsmmmMQmmmdmmmstmhmm

190 1323 308 1385 dictunr
333 1324 483 1406 hospdale
508 1325 546 1385 ad
576 1324 678 1385 locuni
701 1343 797 1406 prope
819 1323 1032 1405 Cranrpendor
1053 1324 1083 1385 ur
1106 1323 1258 1385 suburbio
1280 1325 1380 1406 ipsius
1402 1327 1496 1408 opida

189 1422 330 1504 amplum
352 1431 382 1483 et
397 1430 515 1503 aptum,
538 1422 701 1483 habentem
718 1442 832 1503 aquam
852 1420 1001 1483 liuentem
1014 1441 1069 1503 pro
1087 1422 1270 1484 necessitate
1289 1421 1498 1501 infirmorum,

194 1527 224 1580 et
264 1520 376 1581 dictam
414 1520 576 1581 ecelesiam
611 1519 818 1601 parochialem
856 1520 955 1581 sancti
987 1517 1114 1581 Martini
1146 1520 1184 1582 ad
1217 1521 1366 1604 capellam
1395 1524 1496 1585 sancti
1564 1560 1566 1567 ·

192 1616 333 1694 Martini,
360 1618 442 1679 infra
468 1618 619 1680 terminos
647 1618 790 1680 eiusdem
819 1617 1005 1700 parochialis
1028 1617 1157 1680 ecclesie
1186 1620 1295 1698 sitam,
1328 1619 1381 1681 ubi
1411 1622 1497 1702 prius

191 1717 348 1800 prelatum
376 1723 443 1778 erat
470 1717 622 1798 hospitale
650 1718 765 1796 situm,
791 1735 830 1778 ex
859 1718 964 1777 eurisis
993 1722 1023 1777 et
1049 1716 1225 1778 rationibus
1253 1719 1440 1800 supradictis
1468 1726 1498 1780 et

192 1814 338 1896 pluribus
358 1816 429 1876 aliis
450 1815 592 1876 animum
617 1822 758 1876 nostrum
782 1814 818 1876 ad
842 1813 900 1875 hoc
922 1815 1004 1875 iuste
1024 1815 1232 1891 moventibus,
1253 1836 1325 1878 cum
1349 1815 1498 1879 omuibus

189 1914 257 1975 suis
285 1912 423 1990 iuribus,
454 1912 647 1993 insignibus,
677 1911 889 1991 libertatibus,
916 1912 1101 1995 privilegiu,
1129 1912 1317 1992 redditibus,
1343 1914 1433 1977 honis
1466 1920 1497 1977 et

190 2012 368 2072 attinenciis
394 2009 652 2093 quibuscunque,
678 2009 716 2071 ad
745 2010 843 2091 ipsam
881 2010 1043 2071 ecclesiam
1081 2009 1287 2091 parochialem
1320 2019 1350 2075 et
1378 2014 1498 2075 dictum

190 2108 341 2190 hospitale
368 2107 581 2190 spectantibus
609 2113 638 2169 et
667 2106 915 2191 pertinentibus,
942 2106 1095 2170 duximus
1117 2108 1386 2189 transferendum,
1413 2124 1443 2172 ct
1465 2111 1497 2172 iu

189 2204 249 2269 Dei
268 2207 397 2269 nornine
438 2206 657 2268 transferimus
699 2206 729 2267 in
773 2205 835 2266 hiis
873 2206 1012 2287 scriptis,
1058 2206 1210 2283 volentes,
1254 2213 1427 2270 statuentes
1468 2216 1498 2270 et

190 2303 1499 2387 offimmamffldewmeffinmmemmmfflhsfflmmm

191 2401 1493 2486 pwmfflmmfflmmpmmhmmmnmmmmmmfflmnmmm

191 2497 1496 2583 ommmammfflmnmmhmmmmmmmwfflmmn

191 2598 357 2681 parochiali
386 2598 517 2661 ecclesia
536 2596 604 2660 lieri
627 2598 753 2660 solitum
777 2606 825 2659 est
846 2607 877 2659 ot
900 2602 1088 2659 consuetum
1111 2604 1141 2659 et
1162 2598 1201 2660 de
1223 2601 1301 2660 iuris
1323 2600 1498 2681 requiritur

190 2699 384 2760 necessitate.
418 2695 629 2758 Concedimus
650 2698 747 2757 eciam
772 2701 878 2757 tenore
901 2697 1099 2778 presencium
1123 2702 1153 2758 et
1173 2696 1390 2777 indulgemus,
1412 2698 1497 2779 quod

190 2793 1497 2879 hfflmmfflfflmfflmmmmmmmoefflmmhmmfflmhwa

191 2894 315 2956 valeant
335 2900 366 2956 θῖ
387 2894 542 2955 removeri
570 2899 600 2955 θῖ
622 2893 654 2953 in
676 2898 886 2971 structuram,
907 2892 1160 2955 reformationem
1182 2900 1212 2955 et
1233 2892 1495 2955 reedificatiouem

190 2993 272 3055 dicte
293 2992 368 3055 olim
389 2990 507 3073 capelle
532 3010 555 3053 s.
569 2990 704 3069 Martini,
727 3010 812 3053 nunc
840 2990 1028 3073 parochialis
1050 2990 1188 3071 ecclesie,
1209 2992 1351 3053 converti
1373 2992 1498 3073 penitus

191 3088 1498 3171 mmmmfflmmmmmhmfflssmffimmmmmmmmm

191 3188 323 3251 ecclesia
350 3194 381 3250 et
409 3185 561 3269 hospitale
590 3195 681 3249 erant
708 3188 840 3266 situata,
866 3187 936 3249 loca
961 3205 1050 3249 sacra
1077 3193 1259 3249 renraueant
1284 3193 1315 3249 et
1336 3206 1498 3249 remanere

191 3283 1498 3363 &mummmmmmfflmmmmmmmmmmmmu

191 3382 1497 3465 mmnffimpmmmmmeiQOmmmmwmmm

192 3484 260 3545 loca
286 3502 375 3545 sacra
402 3483 465 3544 sint
486 3489 517 3543 et
538 3500 701 3544 remanere
723 3480 857 3543 debeant
878 3482 912 3543 in
934 3480 1093 3560 futurum,
1123 3488 1157 3543 ut
1177 3501 1195 3543 a
1217 3480 1330 3543 Christi
1352 3479 1499 3543 fidelibus

191 3584 223 3645 iu
253 3581 427 3644 reverentia
452 3587 483 3641 θῖ
509 3580 625 3643 honora
654 3587 841 3663 perpetuum
871 3577 1056 3643 habeantur.
1105 3578 1167 3643 Per
1195 3581 1365 3662 premissas
1392 3585 1498 3641 autem

192 3680 416 3743 translaciones
452 3679 532 3741 nulli
573 3680 722 3742 volumus
759 3699 816 3742 nec
857 3676 1053 3740 intendimus
1089 3676 1295 3757 preiudicium
1330 3677 1410 3738 iuris
1449 3676 1499 3737 sui
1577 3674 1579 3677 ’

191 3780 335 3861 generari
374 3785 430 3839 aut
468 3778 530 3839 iuri
568 3778 705 3840 alicuius
743 3776 885 3860 quolibet
923 3774 1075 3857 derogari.
1134 3773 1222 3835 Nulli
1260 3793 1332 3856 ergo
1369 3774 1498 3836 omnino

193 3878 357 3940 hominum
387 3875 477 3938 liceat
509 3876 565 3939 has
597 3883 720 3939 nostras
750 3876 988 3951 translaciones,
1017 3872 1250 3949 ordinacioues,
1281 3873 1500 3934 concessiones

192 3984 223 4039 et
257 3974 380 4038 indulta
411 3973 583 4054 infringere
612 3975 661 4038 vel
692 3975 738 4039 eis
770 3993 853 4036 ausu
884 3972 1049 4035 temerario
1079 3971 1242 4032 contraire.
1292 3969 1328 4031 In
1362 3988 1498 4052 quorum

192 4077 337 4139 omnium
374 4083 405 4139 et
442 4074 641 4158 singulorum
677 4074 903 4157 premissorum
937 4069 1152 4132 testimonium
1184 4068 1324 4150 sigillum
1355 4077 1498 4131 nostrum

192 4173 392 4258 presentibus
416 4183 463 4237 est
488 4193 672 4258 appensum.
715 4169 832 4233 Datum
855 4166 1059 4249 Heilgenstad
1087 4165 1238 4228 sabbatho
1261 4168 1404 4250 proximo
1431 4171 1500 4248 post

192 4275 274 4337 diem
304 4293 326 4335 s.
344 4273 467 4356 Agathe
496 4273 627 4355 virginis
657 4288 740 4333 anuo
775 4266 904 4330 Domini
936 4264 1101 4328 millesimo
1136 4266 1354 4328 trecentesimo
1393 4270 1500 4326 octua-

192 4375 312 4455 gesimo
335 4373 454 4453 quinto.

247 4686 393 4733 amanam.
404 4683 425 4723 d.
434 4683 471 4724 rr.
482 4682 503 4724 S.
519 4681 594 4722 aaran
601 4678 675 4721 mr.
691 4687 711 4721 ἲ.
