<?xml version="1.0" encoding="UTF-8"?>
<!DOCTYPE html PUBLIC "-//W3C//DTD XHTML 1.0 Transitional//EN"
    "http://www.w3.org/TR/xhtml1/DTD/xhtml1-transitional.dtd">
<html xmlns="http://www.w3.org/1999/xhtml" xml:lang="en" lang="en">
 <head>
  <title>
</title>
<meta http-equiv="Content-Type" content="text/html;charset=utf-8" />
  <meta name='ocr-system' content='tesseract 3.04.00' />
  <meta name='ocr-capabilities' content='ocr_page ocr_carea ocr_par ocr_line ocrx_word'/>
</head>
<body>
  <div class='ocr_page' id='page_1' title='image "./urkundenbuchder04sachgoog_0151.png"; bbox 0 0 3525 5209; ppageno 0'>
   <div class='ocr_carea' id='block_1_1' title="bbox 255 375 1197 452">
    <p class='ocr_par' dir='ltr' id='par_1_1' title="bbox 255 375 1197 452">
     <span class='ocr_line' id='line_1_1' title="bbox 255 375 1197 452; baseline 0.01 -24"><span class='ocrx_word' id='word_1_1' title='bbox 255 375 306 428; x_wconf 80' lang='lat' dir='ltr'><strong>ias</strong></span> <span class='ocrx_word' id='word_1_2' title='bbox 615 379 890 452; x_wconf 85' lang='lat' dir='ltr'><strong>Geachichtaquellcn</strong></span> <span class='ocrx_word' id='word_1_3' title='bbox 908 379 957 434; x_wconf 89' lang='lat' dir='ltr'><strong>der</strong></span> <span class='ocrx_word' id='word_1_4' title='bbox 975 379 1056 438; x_wconf 83' lang='lat' dir='ltr'><strong>Prov,</strong></span> <span class='ocrx_word' id='word_1_5' title='bbox 1066 379 1197 439; x_wconf 85' lang='lat' dir='ltr'><strong>Sacbaen.</strong></span> 
     </span>
    </p>
   </div>
   <div class='ocr_carea' id='block_1_2' title="bbox 253 526 1568 3640">
    <p class='ocr_par' dir='ltr' id='par_1_2' title="bbox 253 526 1568 3640">
     <span class='ocr_line' id='line_1_2' title="bbox 253 526 1561 612; baseline 0.002 -23"><span class='ocrx_word' id='word_1_6' title='bbox 253 531 284 589; x_wconf 86' lang='lat' dir='ltr'><strong>et</strong></span> <span class='ocrx_word' id='word_1_7' title='bbox 300 526 535 592; x_wconf 77' lang='lat' dir='ltr'><strong>considerantes</strong></span> <span class='ocrx_word' id='word_1_8' title='bbox 549 533 639 612; x_wconf 84' lang='lat' dir='ltr'><strong>grata</strong></span> <span class='ocrx_word' id='word_1_9' title='bbox 654 534 686 591; x_wconf 92' lang='lat' dir='ltr'><strong>et</strong></span> <span class='ocrx_word' id='word_1_10' title='bbox 705 529 795 592; x_wconf 89' lang='lat' dir='ltr'><strong>utilia</strong></span> <span class='ocrx_word' id='word_1_11' title='bbox 811 532 945 594; x_wconf 88' lang='lat' dir='ltr'><strong>servicia</strong></span> <span class='ocrx_word' id='word_1_12' title='bbox 961 551 997 594; x_wconf 91' lang='lat' dir='ltr'><strong>ao</strong></span> <span class='ocrx_word' id='word_1_13' title='bbox 1009 551 1121 612; x_wconf 90' lang='lat' dir='ltr'><strong>puram</strong></span> <span class='ocrx_word' id='word_1_14' title='bbox 1140 536 1171 594; x_wconf 91' lang='lat' dir='ltr'><strong>et</strong></span> <span class='ocrx_word' id='word_1_15' title='bbox 1187 533 1341 594; x_wconf 81' lang='lat' dir='ltr'><strong>sinceram</strong></span> <span class='ocrx_word' id='word_1_16' title='bbox 1354 530 1561 611; x_wconf 82' lang='lat' dir='ltr'><strong>devotionem,</strong></span> 
     </span>
     <span class='ocr_line' id='line_1_3' title="bbox 253 625 1562 705; baseline 0.005 -20"><span class='ocrx_word' id='word_1_17' title='bbox 253 643 350 705; x_wconf 89' lang='lat' dir='ltr'><strong>quam</strong></span> <span class='ocrx_word' id='word_1_18' title='bbox 382 625 468 689; x_wconf 89' lang='lat' dir='ltr'><strong>cives</strong></span> <span class='ocrx_word' id='word_1_19' title='bbox 498 625 705 691; x_wconf 78' lang='lat' dir='ltr'><strong>Erfurdenses</strong></span> <span class='ocrx_word' id='word_1_20' title='bbox 735 628 845 692; x_wconf 87' lang='lat' dir='ltr'><strong>fideles</strong></span> <span class='ocrx_word' id='word_1_21' title='bbox 875 630 974 692; x_wconf 78' lang='lat' dir='ltr'><strong>nostri</strong></span> <span class='ocrx_word' id='word_1_22' title='bbox 1004 629 1107 692; x_wconf 86' lang='lat' dir='ltr'><strong>dilecti</strong></span> <span class='ocrx_word' id='word_1_23' title='bbox 1143 635 1174 692; x_wconf 89' lang='lat' dir='ltr'><strong>et</strong></span> <span class='ocrx_word' id='word_1_24' title='bbox 1205 629 1417 692; x_wconf 87' lang='lat' dir='ltr'><strong>communitas</strong></span> <span class='ocrx_word' id='word_1_25' title='bbox 1445 629 1562 692; x_wconf 80' lang='lat' dir='ltr'>ibidem</span> 
     </span>
     <span class='ocr_line' id='line_1_4' title="bbox 254 720 1566 809; baseline 0.007 -28"><span class='ocrx_word' id='word_1_26' title='bbox 254 720 435 785; x_wconf 85' lang='lat' dir='ltr'><strong>babuerunt</strong></span> <span class='ocrx_word' id='word_1_27' title='bbox 462 731 494 787; x_wconf 88' lang='lat' dir='ltr'><strong>et</strong></span> <span class='ocrx_word' id='word_1_28' title='bbox 523 725 675 788; x_wconf 88' lang='lat' dir='ltr'><strong>hactenus</strong></span> <span class='ocrx_word' id='word_1_29' title='bbox 708 725 965 808; x_wconf 89' lang='lat' dir='ltr'><strong>impendiderunt</strong></span> <span class='ocrx_word' id='word_1_30' title='bbox 990 733 1187 790; x_wconf 86' lang='lat' dir='ltr'><strong>sacrosancto</strong></span> <span class='ocrx_word' id='word_1_31' title='bbox 1213 725 1356 790; x_wconf 86' lang='lat' dir='ltr'><strong>Romano</strong></span> <span class='ocrx_word' id='word_1_32' title='bbox 1384 727 1515 809; x_wconf 89' lang='lat' dir='ltr'><strong>imperio</strong></span> <span class='ocrx_word' id='word_1_33' title='bbox 1535 739 1566 790; x_wconf 87' lang='lat' dir='ltr'><strong>et</strong></span> 
     </span>
     <span class='ocr_line' id='line_1_5' title="bbox 253 820 1565 906; baseline 0.004 -24"><span class='ocrx_word' id='word_1_34' title='bbox 253 820 395 882; x_wconf 85' lang='lat' dir='ltr'><strong>maxime</strong></span> <span class='ocrx_word' id='word_1_35' title='bbox 416 821 691 906; x_wconf 87' lang='lat' dir='ltr'><strong>predecessoribus</strong></span> <span class='ocrx_word' id='word_1_36' title='bbox 712 824 829 885; x_wconf 87' lang='lat' dir='ltr'><strong>nostris</strong></span> <span class='ocrx_word' id='word_1_37' title='bbox 854 823 927 885; x_wconf 88' lang='lat' dir='ltr'><strong>dive</strong></span> <span class='ocrx_word' id='word_1_38' title='bbox 958 829 989 887; x_wconf 92' lang='lat' dir='ltr'><strong>et</strong></span> <span class='ocrx_word' id='word_1_39' title='bbox 1006 823 1113 886; x_wconf 85' lang='lat' dir='ltr'><strong>inclite</strong></span> <span class='ocrx_word' id='word_1_40' title='bbox 1142 823 1375 904; x_wconf 85' lang='lat' dir='ltr'><strong>recordatiouis,</strong></span> <span class='ocrx_word' id='word_1_41' title='bbox 1408 824 1565 887; x_wconf 76' lang='lat' dir='ltr'><strong>Friderico</strong></span> 
     </span>
     <span class='ocr_line' id='line_1_6' title="bbox 254 913 1566 1004; baseline 0.004 -25"><span class='ocrx_word' id='word_1_42' title='bbox 254 913 469 981; x_wconf 90' lang='lat' dir='ltr'><strong>Romanorum</strong></span> <span class='ocrx_word' id='word_1_43' title='bbox 498 918 679 1001; x_wconf 88' lang='lat' dir='ltr'><strong>imperatori</strong></span> <span class='ocrx_word' id='word_1_44' title='bbox 699 926 731 982; x_wconf 90' lang='lat' dir='ltr'><strong>et</strong></span> <span class='ocrx_word' id='word_1_45' title='bbox 749 917 898 995; x_wconf 86' lang='lat' dir='ltr'><strong>Rudolfo,</strong></span> <span class='ocrx_word' id='word_1_46' title='bbox 920 939 978 984; x_wconf 89' lang='lat' dir='ltr'><strong>avo</strong></span> <span class='ocrx_word' id='word_1_47' title='bbox 1001 927 1118 999; x_wconf 88' lang='lat' dir='ltr'><strong>nostro,</strong></span> <span class='ocrx_word' id='word_1_48' title='bbox 1139 919 1354 984; x_wconf 86' lang='lat' dir='ltr'><strong>Romanorum</strong></span> <span class='ocrx_word' id='word_1_49' title='bbox 1378 923 1452 1003; x_wconf 79' lang='lat' dir='ltr'><strong>regi,</strong></span> <span class='ocrx_word' id='word_1_50' title='bbox 1472 927 1566 1004; x_wconf 88' lang='lat' dir='ltr'><strong>prout</strong></span> 
     </span>
     <span class='ocr_line' id='line_1_7' title="bbox 253 1015 1564 1101; baseline 0.003 -25"><span class='ocrx_word' id='word_1_51' title='bbox 253 1015 448 1098; x_wconf 79' lang='lat' dir='ltr'><strong>exipsorum</strong></span> <span class='ocrx_word' id='word_1_52' title='bbox 466 1017 639 1100; x_wconf 85' lang='lat' dir='ltr'><strong>privilegiis</strong></span> <span class='ocrx_word' id='word_1_53' title='bbox 657 1019 864 1101; x_wconf 82' lang='lat' dir='ltr'><strong>cognovimus</strong></span> <span class='ocrx_word' id='word_1_54' title='bbox 876 1018 1048 1090; x_wconf 83' lang='lat' dir='ltr'><strong>evidenter,</strong></span> <span class='ocrx_word' id='word_1_55' title='bbox 1059 1025 1162 1100; x_wconf 87' lang='lat' dir='ltr'><strong>etque</strong></span> <span class='ocrx_word' id='word_1_56' title='bbox 1173 1017 1265 1080; x_wconf 92' lang='lat' dir='ltr'><strong>nobis</strong></span> <span class='ocrx_word' id='word_1_57' title='bbox 1277 1025 1307 1081; x_wconf 90' lang='lat' dir='ltr'><strong>et</strong></span> <span class='ocrx_word' id='word_1_58' title='bbox 1328 1018 1564 1082; x_wconf 88' lang='lat' dir='ltr'><strong>successoribus</strong></span> 
     </span>
     <span class='ocr_line' id='line_1_8' title="bbox 253 1109 1564 1199; baseline 0.005 -25"><span class='ocrx_word' id='word_1_59' title='bbox 253 1114 369 1176; x_wconf 89' lang='lat' dir='ltr'><strong>nostn&#39;s</strong></span> <span class='ocrx_word' id='word_1_60' title='bbox 395 1114 580 1196; x_wconf 86' lang='lat' dir='ltr'><strong>impendere</strong></span> <span class='ocrx_word' id='word_1_61' title='bbox 600 1121 749 1197; x_wconf 82' lang='lat' dir='ltr'><strong>poterunt</strong></span> <span class='ocrx_word' id='word_1_62' title='bbox 774 1117 808 1178; x_wconf 91' lang='lat' dir='ltr'><strong>in</strong></span> <span class='ocrx_word' id='word_1_63' title='bbox 834 1115 995 1193; x_wconf 85' lang='lat' dir='ltr'><strong>futurum,</strong></span> <span class='ocrx_word' id='word_1_64' title='bbox 1024 1116 1137 1199; x_wconf 88' lang='lat' dir='ltr'><strong>ipsis..</strong></span> <span class='ocrx_word' id='word_1_65' title='bbox 1161 1109 1285 1179; x_wconf 75' lang='lat' dir='ltr'><strong>uiribus</strong></span> <span class='ocrx_word' id='word_1_66' title='bbox 1307 1135 1383 1179; x_wconf 89' lang='lat' dir='ltr'><strong>ao..</strong></span> <span class='ocrx_word' id='word_1_67' title='bbox 1408 1118 1564 1180; x_wconf 82' lang='lat' dir='ltr'><strong>universis</strong></span> 
     </span>
     <span class='ocr_line' id='line_1_9' title="bbox 254 1211 1566 1298; baseline 0.003 -26"><span class='ocrx_word' id='word_1_68' title='bbox 254 1215 287 1272; x_wconf 86' lang='lat' dir='ltr'><strong>et</strong></span> <span class='ocrx_word' id='word_1_69' title='bbox 304 1211 439 1291; x_wconf 78' lang='lat' dir='ltr'><strong>siugulis</strong></span> <span class='ocrx_word' id='word_1_70' title='bbox 460 1212 500 1276; x_wconf 88' lang='lat' dir='ltr'><strong>de</strong></span> <span class='ocrx_word' id='word_1_71' title='bbox 514 1214 742 1276; x_wconf 83' lang='lat' dir='ltr'><strong>communitate</strong></span> <span class='ocrx_word' id='word_1_72' title='bbox 761 1213 913 1295; x_wconf 90' lang='lat' dir='ltr'><strong>ipsorum,</strong></span> <span class='ocrx_word' id='word_1_73' title='bbox 934 1221 970 1277; x_wconf 92' lang='lat' dir='ltr'><strong>ut</strong></span> <span class='ocrx_word' id='word_1_74' title='bbox 989 1212 1027 1276; x_wconf 92' lang='lat' dir='ltr'><strong>ad</strong></span> <span class='ocrx_word' id='word_1_75' title='bbox 1049 1233 1094 1290; x_wconf 88' lang='lat' dir='ltr'><strong>ea,</strong></span> <span class='ocrx_word' id='word_1_76' title='bbox 1116 1233 1179 1296; x_wconf 91' lang='lat' dir='ltr'><strong>que</strong></span> <span class='ocrx_word' id='word_1_77' title='bbox 1199 1213 1328 1276; x_wconf 90' lang='lat' dir='ltr'><strong>honoris</strong></span> <span class='ocrx_word' id='word_1_78' title='bbox 1345 1215 1466 1298; x_wconf 89' lang='lat' dir='ltr'><strong>imperii</strong></span> <span class='ocrx_word' id='word_1_79' title='bbox 1491 1221 1566 1276; x_wconf 87' lang='lat' dir='ltr'><strong>sunt</strong></span> 
     </span>
     <span class='ocr_line' id='line_1_10' title="bbox 254 1307 1565 1394; baseline 0.004 -25"><span class='ocrx_word' id='word_1_80' title='bbox 254 1315 350 1390; x_wconf 87' lang='lat' dir='ltr'><strong>atque</strong></span> <span class='ocrx_word' id='word_1_81' title='bbox 381 1310 498 1387; x_wconf 89' lang='lat' dir='ltr'><strong>nostri,</strong></span> <span class='ocrx_word' id='word_1_82' title='bbox 525 1311 558 1373; x_wconf 91' lang='lat' dir='ltr'><strong>in</strong></span> <span class='ocrx_word' id='word_1_83' title='bbox 579 1317 672 1372; x_wconf 84' lang='lat' dir='ltr'><strong>autea</strong></span> <span class='ocrx_word' id='word_1_84' title='bbox 692 1309 875 1394; x_wconf 85' lang='lat' dir='ltr'>promptiori</span> <span class='ocrx_word' id='word_1_85' title='bbox 907 1309 1011 1374; x_wconf 89' lang='lat' dir='ltr'><strong>studio</strong></span> <span class='ocrx_word' id='word_1_86' title='bbox 1042 1317 1073 1374; x_wconf 89' lang='lat' dir='ltr'><strong>et</strong></span> <span class='ocrx_word' id='word_1_87' title='bbox 1107 1307 1350 1375; x_wconf 80' lang='lat' dir='ltr'><strong>ferventioribus</strong></span> <span class='ocrx_word' id='word_1_88' title='bbox 1383 1313 1498 1374; x_wconf 88' lang='lat' dir='ltr'><strong>animis</strong></span> <span class='ocrx_word' id='word_1_89' title='bbox 1531 1331 1565 1374; x_wconf 88' lang='lat' dir='ltr'><strong>se</strong></span> 
     </span>
     <span class='ocr_line' id='line_1_11' title="bbox 254 1406 1567 1492; baseline 0.003 -24"><span class='ocrx_word' id='word_1_90' title='bbox 254 1406 438 1489; x_wconf 87' lang='lat' dir='ltr'><strong>disponant,</strong></span> <span class='ocrx_word' id='word_1_91' title='bbox 466 1407 670 1471; x_wconf 89' lang='lat' dir='ltr'><strong>concedimus</strong></span> <span class='ocrx_word' id='word_1_92' title='bbox 690 1413 783 1472; x_wconf 83' lang='lat' dir='ltr'><strong>etex</strong></span> <span class='ocrx_word' id='word_1_93' title='bbox 803 1407 929 1492; x_wconf 87' lang='lat' dir='ltr'><strong>speciali</strong></span> <span class='ocrx_word' id='word_1_94' title='bbox 951 1409 1104 1492; x_wconf 88' lang='lat' dir='ltr'><strong>imperiali</strong></span> <span class='ocrx_word' id='word_1_95' title='bbox 1125 1407 1291 1472; x_wconf 84' lang='lat' dir='ltr'><strong>clementia</strong></span> <span class='ocrx_word' id='word_1_96' title='bbox 1313 1409 1515 1487; x_wconf 75' lang='lat' dir='ltr'><strong>indulgemus</strong></span> <span class='ocrx_word' id='word_1_97' title='bbox 1537 1415 1567 1472; x_wconf 92' lang='lat' dir='ltr'><strong>et</strong></span> 
     </span>
     <span class='ocr_line' id='line_1_12' title="bbox 253 1504 1562 1590; baseline 0.003 -24"><span class='ocrx_word' id='word_1_98' title='bbox 253 1505 287 1566; x_wconf 93' lang='lat' dir='ltr'><strong>in</strong></span> <span class='ocrx_word' id='word_1_99' title='bbox 325 1504 384 1567; x_wconf 90' lang='lat' dir='ltr'><strong>bac</strong></span> <span class='ocrx_word' id='word_1_100' title='bbox 413 1509 499 1587; x_wconf 83' lang='lat' dir='ltr'><strong>parte</strong></span> <span class='ocrx_word' id='word_1_101' title='bbox 534 1506 620 1588; x_wconf 90' lang='lat' dir='ltr'><strong>ipsos</strong></span> <span class='ocrx_word' id='word_1_102' title='bbox 650 1506 826 1589; x_wconf 73' lang='lat' dir='ltr'><strong>specialiter</strong></span> <span class='ocrx_word' id='word_1_103' title='bbox 860 1507 1106 1590; x_wconf 86' lang='lat' dir='ltr'><strong>privilegiamus,</strong></span> <span class='ocrx_word' id='word_1_104' title='bbox 1143 1511 1179 1569; x_wconf 92' lang='lat' dir='ltr'><strong>ut</strong></span> <span class='ocrx_word' id='word_1_105' title='bbox 1193 1506 1340 1570; x_wconf 91' lang='lat' dir='ltr'><strong>nullus..</strong></span> <span class='ocrx_word' id='word_1_106' title='bbox 1373 1509 1562 1590; x_wconf 70' lang='lat' dir='ltr'><strong>princeps..</strong></span> 
     </span>
     <span class='ocr_line' id='line_1_13' title="bbox 254 1603 1565 1686; baseline 0.003 -22"><span class='ocrx_word' id='word_1_107' title='bbox 254 1621 412 1680; x_wconf 87' lang='lat' dir='ltr'><strong>comes,..</strong></span> <span class='ocrx_word' id='word_1_108' title='bbox 450 1603 724 1681; x_wconf 87' lang='lat' dir='ltr'><strong>ministerialis,..</strong></span> <span class='ocrx_word' id='word_1_109' title='bbox 765 1603 857 1666; x_wconf 92' lang='lat' dir='ltr'><strong>miles</strong></span> <span class='ocrx_word' id='word_1_110' title='bbox 893 1622 949 1666; x_wconf 89' lang='lat' dir='ltr'><strong>seu</strong></span> <span class='ocrx_word' id='word_1_111' title='bbox 977 1604 1212 1686; x_wconf 84' lang='lat' dir='ltr'><strong>cuiuscunque</strong></span> <span class='ocrx_word' id='word_1_112' title='bbox 1254 1605 1332 1667; x_wconf 89' lang='lat' dir='ltr'><strong>alias</strong></span> <span class='ocrx_word' id='word_1_113' title='bbox 1376 1605 1565 1668; x_wconf 86' lang='lat' dir='ltr'><strong>conditionis</strong></span> 
     </span>
     <span class='ocr_line' id='line_1_14' title="bbox 254 1700 1564 1785; baseline 0 -21"><span class='ocrx_word' id='word_1_114' title='bbox 254 1701 382 1779; x_wconf 82' lang='lat' dir='ltr'><strong>existat,</strong></span> <span class='ocrx_word' id='word_1_115' title='bbox 408 1700 494 1783; x_wconf 91' lang='lat' dir='ltr'><strong>ipsos</strong></span> <span class='ocrx_word' id='word_1_116' title='bbox 525 1701 574 1764; x_wconf 89' lang='lat' dir='ltr'><strong>vel</strong></span> <span class='ocrx_word' id='word_1_117' title='bbox 606 1701 743 1784; x_wconf 86' lang='lat' dir='ltr'><strong>aliquem</strong></span> <span class='ocrx_word' id='word_1_118' title='bbox 765 1703 905 1784; x_wconf 91' lang='lat' dir='ltr'><strong>ipsorum</strong></span> <span class='ocrx_word' id='word_1_119' title='bbox 938 1719 1049 1784; x_wconf 91' lang='lat' dir='ltr'><strong>capere</strong></span> <span class='ocrx_word' id='word_1_120' title='bbox 1070 1701 1120 1764; x_wconf 89' lang='lat' dir='ltr'><strong>vel</strong></span> <span class='ocrx_word' id='word_1_121' title='bbox 1142 1702 1355 1784; x_wconf 77' lang='lat' dir='ltr'><strong>impignorare</strong></span> <span class='ocrx_word' id='word_1_122' title='bbox 1375 1704 1488 1785; x_wconf 85' lang='lat' dir='ltr'><strong>possit,</strong></span> <span class='ocrx_word' id='word_1_123' title='bbox 1517 1703 1564 1766; x_wconf 90' lang='lat' dir='ltr'><strong>vel</strong></span> 
     </span>
     <span class='ocr_line' id='line_1_15' title="bbox 253 1798 1566 1882; baseline 0.002 -22"><span class='ocrx_word' id='word_1_124' title='bbox 253 1799 287 1860; x_wconf 92' lang='lat' dir='ltr'><strong>in</strong></span> <span class='ocrx_word' id='word_1_125' title='bbox 305 1799 449 1880; x_wconf 86' lang='lat' dir='ltr'><strong>personis</strong></span> <span class='ocrx_word' id='word_1_126' title='bbox 464 1803 520 1860; x_wconf 91' lang='lat' dir='ltr'><strong>aut</strong></span> <span class='ocrx_word' id='word_1_127' title='bbox 535 1798 631 1862; x_wconf 89' lang='lat' dir='ltr'><strong>rebus</strong></span> <span class='ocrx_word' id='word_1_128' title='bbox 645 1799 787 1882; x_wconf 90' lang='lat' dir='ltr'><strong>ipsorum</strong></span> <span class='ocrx_word' id='word_1_129' title='bbox 802 1818 966 1882; x_wconf 87' lang='lat' dir='ltr'><strong>occupare,</strong></span> <span class='ocrx_word' id='word_1_130' title='bbox 982 1800 1150 1878; x_wconf 85' lang='lat' dir='ltr'><strong>choartare,</strong></span> <span class='ocrx_word' id='word_1_131' title='bbox 1171 1799 1299 1862; x_wconf 86' lang='lat' dir='ltr'><strong>turbare</strong></span> <span class='ocrx_word' id='word_1_132' title='bbox 1320 1800 1369 1862; x_wconf 85' lang='lat' dir='ltr'><strong>vel</strong></span> <span class='ocrx_word' id='word_1_133' title='bbox 1387 1800 1566 1880; x_wconf 84' lang='lat' dir='ltr'><strong>aliqualiter</strong></span> 
     </span>
     <span class='ocr_line' id='line_1_16' title="bbox 254 1895 1562 1981; baseline 0.002 -24"><span class='ocrx_word' id='word_1_134' title='bbox 254 1895 419 1958; x_wconf 84' lang='lat' dir='ltr'><strong>molestare</strong></span> <span class='ocrx_word' id='word_1_135' title='bbox 447 1896 611 1960; x_wconf 90' lang='lat' dir='ltr'><strong>occasione</strong></span> <span class='ocrx_word' id='word_1_136' title='bbox 631 1898 733 1960; x_wconf 89' lang='lat' dir='ltr'><strong>nostri</strong></span> <span class='ocrx_word' id='word_1_137' title='bbox 753 1897 803 1959; x_wconf 83' lang='lat' dir='ltr'><strong>vel</strong></span> <span class='ocrx_word' id='word_1_138' title='bbox 821 1897 952 1960; x_wconf 89' lang='lat' dir='ltr'><strong>ecclesie</strong></span> <span class='ocrx_word' id='word_1_139' title='bbox 973 1895 1159 1977; x_wconf 82' lang='lat' dir='ltr'><strong>Mogentine</strong></span> <span class='ocrx_word' id='word_1_140' title='bbox 1182 1905 1239 1959; x_wconf 90' lang='lat' dir='ltr'><strong>aut</strong></span> <span class='ocrx_word' id='word_1_141' title='bbox 1258 1897 1562 1981; x_wconf 83' lang='lat' dir='ltr'><strong>archiepiscoporum</strong></span> 
     </span>
     <span class='ocr_line' id='line_1_17' title="bbox 254 1992 1567 2078; baseline -0.001 -20"><span class='ocrx_word' id='word_1_142' title='bbox 254 1993 387 2058; x_wconf 81' lang='lat' dir='ltr'><strong>ecclesie</strong></span> <span class='ocrx_word' id='word_1_143' title='bbox 405 1992 559 2072; x_wconf 89' lang='lat' dir='ltr'><strong>eiusdem,</strong></span> <span class='ocrx_word' id='word_1_144' title='bbox 579 1995 635 2076; x_wconf 93' lang='lat' dir='ltr'><strong>qui</strong></span> <span class='ocrx_word' id='word_1_145' title='bbox 658 2000 736 2058; x_wconf 90' lang='lat' dir='ltr'><strong>tuuc</strong></span> <span class='ocrx_word' id='word_1_146' title='bbox 754 2013 811 2077; x_wconf 92' lang='lat' dir='ltr'><strong>pro</strong></span> <span class='ocrx_word' id='word_1_147' title='bbox 831 2001 972 2078; x_wconf 89' lang='lat' dir='ltr'><strong>tempore</strong></span> <span class='ocrx_word' id='word_1_148' title='bbox 990 1994 1095 2072; x_wconf 83' lang='lat' dir='ltr'><strong>fuerit,</strong></span> <span class='ocrx_word' id='word_1_149' title='bbox 1116 2011 1172 2056; x_wconf 92' lang='lat' dir='ltr'><strong>seu</strong></span> <span class='ocrx_word' id='word_1_150' title='bbox 1195 1994 1323 2058; x_wconf 89' lang='lat' dir='ltr'><strong>alteriue</strong></span> <span class='ocrx_word' id='word_1_151' title='bbox 1344 1996 1567 2078; x_wconf 89' lang='lat' dir='ltr'><strong>cuiuscunque</strong></span> 
     </span>
     <span class='ocr_line' id='line_1_18' title="bbox 254 2090 1566 2176; baseline 0.001 -22"><span class='ocrx_word' id='word_1_152' title='bbox 254 2109 402 2174; x_wconf 90' lang='lat' dir='ltr'><strong>persone,</strong></span> <span class='ocrx_word' id='word_1_153' title='bbox 431 2097 489 2154; x_wconf 88' lang='lat' dir='ltr'><strong>aut</strong></span> <span class='ocrx_word' id='word_1_154' title='bbox 517 2110 573 2174; x_wconf 92' lang='lat' dir='ltr'><strong>pro</strong></span> <span class='ocrx_word' id='word_1_155' title='bbox 609 2090 737 2170; x_wconf 89' lang='lat' dir='ltr'><strong>debitis,</strong></span> <span class='ocrx_word' id='word_1_156' title='bbox 767 2093 799 2155; x_wconf 90' lang='lat' dir='ltr'><strong>in</strong></span> <span class='ocrx_word' id='word_1_157' title='bbox 840 2091 960 2173; x_wconf 93' lang='lat' dir='ltr'><strong>quibus</strong></span> <span class='ocrx_word' id='word_1_158' title='bbox 992 2111 1050 2154; x_wconf 89' lang='lat' dir='ltr'><strong>nos</strong></span> <span class='ocrx_word' id='word_1_159' title='bbox 1080 2109 1135 2156; x_wconf 91' lang='lat' dir='ltr'><strong>seu</strong></span> <span class='ocrx_word' id='word_1_160' title='bbox 1174 2092 1399 2175; x_wconf 89' lang='lat' dir='ltr'><strong>archiepiscopi</strong></span> <span class='ocrx_word' id='word_1_161' title='bbox 1431 2092 1566 2176; x_wconf 89' lang='lat' dir='ltr'><strong>predicte</strong></span> 
     </span>
     <span class='ocr_line' id='line_1_19' title="bbox 256 2187 1566 2273; baseline 0 -21"><span class='ocrx_word' id='word_1_162' title='bbox 256 2188 387 2252; x_wconf 83' lang='lat' dir='ltr'><strong>ecclesie</strong></span> <span class='ocrx_word' id='word_1_163' title='bbox 401 2240 405 2248; x_wconf 87' lang='lat'><em>.</em></span> <span class='ocrx_word' id='word_1_164' title='bbox 421 2187 607 2271; x_wconf 83' lang='lat' dir='ltr'><strong>Moguntine</strong></span> <span class='ocrx_word' id='word_1_165' title='bbox 641 2195 698 2254; x_wconf 92' lang='lat' dir='ltr'><strong>aut</strong></span> <span class='ocrx_word' id='word_1_166' title='bbox 733 2191 846 2272; x_wconf 81' lang='lat' dir='ltr'><strong>queris</strong></span> <span class='ocrx_word' id='word_1_167' title='bbox 879 2189 941 2253; x_wconf 89' lang='lat' dir='ltr'><strong>alie</strong></span> <span class='ocrx_word' id='word_1_168' title='bbox 967 2208 1101 2272; x_wconf 88' lang='lat' dir='ltr'><strong>persone</strong></span> <span class='ocrx_word' id='word_1_169' title='bbox 1134 2189 1251 2254; x_wconf 87' lang='lat' dir='ltr'><strong>eisdem</strong></span> <span class='ocrx_word' id='word_1_170' title='bbox 1265 2239 1293 2253; x_wconf 92' lang='grc'><strong>..</strong></span> <span class='ocrx_word' id='word_1_171' title='bbox 1324 2189 1566 2273; x_wconf 68' lang='lat' dir='ltr'><strong>principibus..</strong></span> 
     </span>
     <span class='ocr_line' id='line_1_20' title="bbox 257 2286 1568 2370; baseline 0.001 -21"><span class='ocrx_word' id='word_1_172' title='bbox 257 2286 440 2365; x_wconf 78' lang='lat' dir='ltr'><strong>comitibus,</strong></span> <span class='ocrx_word' id='word_1_173' title='bbox 460 2333 494 2350; x_wconf 92' lang='lat'><strong>..</strong></span> <span class='ocrx_word' id='word_1_174' title='bbox 536 2286 864 2365; x_wconf 74' lang='lat' dir='ltr'><strong>ministerialibus..</strong></span> <span class='ocrx_word' id='word_1_175' title='bbox 906 2287 1061 2351; x_wconf 89' lang='lat' dir='ltr'><strong>militibus</strong></span> <span class='ocrx_word' id='word_1_176' title='bbox 1103 2306 1160 2352; x_wconf 89' lang='lat' dir='ltr'><strong>seu</strong></span> <span class='ocrx_word' id='word_1_177' title='bbox 1201 2287 1272 2350; x_wconf 89' lang='lat' dir='ltr'><strong>aliis</strong></span> <span class='ocrx_word' id='word_1_178' title='bbox 1313 2287 1568 2370; x_wconf 82' lang='lat' dir='ltr'><strong>quibuscunque,</strong></span> 
     </span>
     <span class='ocr_line' id='line_1_21' title="bbox 255 2384 1565 2468; baseline 0 -20"><span class='ocrx_word' id='word_1_179' title='bbox 255 2403 368 2448; x_wconf 89' lang='lat' dir='ltr'><strong>sumus</strong></span> <span class='ocrx_word' id='word_1_180' title='bbox 380 2385 433 2460; x_wconf 85' lang='lat' dir='ltr'><strong>vel¹</strong></span> <span class='ocrx_word' id='word_1_181' title='bbox 440 2384 597 2448; x_wconf 87' lang='lat' dir='ltr'><strong>fuerimus</strong></span> <span class='ocrx_word' id='word_1_182' title='bbox 611 2385 752 2468; x_wconf 85' lang='lat' dir='ltr'><strong>obligati,</strong></span> <span class='ocrx_word' id='word_1_183' title='bbox 767 2386 941 2449; x_wconf 88' lang='lat' dir='ltr'><strong>dummodo</strong></span> <span class='ocrx_word' id='word_1_184' title='bbox 958 2385 1089 2468; x_wconf 86' lang='lat' dir='ltr'><strong>predicti</strong></span> <span class='ocrx_word' id='word_1_185' title='bbox 1105 2387 1191 2449; x_wconf 82' lang='lat' dir='ltr'><strong>cives</strong></span> <span class='ocrx_word' id='word_1_186' title='bbox 1203 2385 1241 2449; x_wconf 87' lang='lat' dir='ltr'><strong>de</strong></span> <span class='ocrx_word' id='word_1_187' title='bbox 1252 2384 1565 2467; x_wconf 89' lang='lat' dir='ltr'><strong>seoonquerentibus</strong></span> 
     </span>
     <span class='ocr_line' id='line_1_22' title="bbox 254 2482 1565 2567; baseline 0.001 -22"><span class='ocrx_word' id='word_1_188' title='bbox 254 2488 287 2546; x_wconf 88' lang='lat' dir='ltr'><strong>et</strong></span> <span class='ocrx_word' id='word_1_189' title='bbox 317 2501 430 2546; x_wconf 87' lang='lat' dir='ltr'><strong>causas</strong></span> <span class='ocrx_word' id='word_1_190' title='bbox 461 2489 571 2546; x_wconf 82' lang='lat' dir='ltr'><strong>coutm</strong></span> <span class='ocrx_word' id='word_1_191' title='bbox 601 2484 688 2567; x_wconf 89' lang='lat' dir='ltr'><strong>ipsos</strong></span> <span class='ocrx_word' id='word_1_192' title='bbox 716 2502 844 2546; x_wconf 91' lang='lat' dir='ltr'><strong>movere</strong></span> <span class='ocrx_word' id='word_1_193' title='bbox 876 2482 1056 2546; x_wconf 86' lang='lat' dir='ltr'><strong>volentibus</strong></span> <span class='ocrx_word' id='word_1_194' title='bbox 1091 2486 1191 2566; x_wconf 89' lang='lat' dir='ltr'><strong>parati</strong></span> <span class='ocrx_word' id='word_1_195' title='bbox 1213 2485 1291 2564; x_wconf 89' lang='lat' dir='ltr'><strong>sint,</strong></span> <span class='ocrx_word' id='word_1_196' title='bbox 1311 2484 1401 2546; x_wconf 83' lang='lat' dir='ltr'><strong>iuxta</strong></span> <span class='ocrx_word' id='word_1_197' title='bbox 1422 2490 1565 2546; x_wconf 86' lang='lat' dir='ltr'><strong>tenorem</strong></span> 
     </span>
     <span class='ocr_line' id='line_1_23' title="bbox 254 2580 1566 2664; baseline 0.002 -22"><span class='ocrx_word' id='word_1_198' title='bbox 254 2580 492 2664; x_wconf 78' lang='lat' dir='ltr'><strong>privilegiorum</strong></span> <span class='ocrx_word' id='word_1_199' title='bbox 527 2599 660 2644; x_wconf 90' lang='lat' dir='ltr'><strong>suorum</strong></span> <span class='ocrx_word' id='word_1_200' title='bbox 691 2599 798 2644; x_wconf 86' lang='lat' dir='ltr'><strong>coram</strong></span> <span class='ocrx_word' id='word_1_201' title='bbox 832 2583 901 2645; x_wconf 90' lang='lat' dir='ltr'><strong>suis</strong></span> <span class='ocrx_word' id='word_1_202' title='bbox 936 2580 1096 2644; x_wconf 91' lang='lat' dir='ltr'><strong>iudicibus</strong></span> <span class='ocrx_word' id='word_1_203' title='bbox 1127 2580 1379 2664; x_wconf 87' lang='lat' dir='ltr'><strong>competentibus</strong></span> <span class='ocrx_word' id='word_1_204' title='bbox 1417 2581 1566 2644; x_wconf 90' lang='lat' dir='ltr'><strong>exhibere</strong></span> 
     </span>
     <span class='ocr_line' id='line_1_24' title="bbox 254 2677 1567 2763; baseline 0.001 -22"><span class='ocrx_word' id='word_1_205' title='bbox 254 2678 379 2742; x_wconf 87' lang='lat' dir='ltr'><strong>iusticie</strong></span> <span class='ocrx_word' id='word_1_206' title='bbox 405 2677 680 2761; x_wconf 84' lang='lat' dir='ltr'><strong>complementum,</strong></span> <span class='ocrx_word' id='word_1_207' title='bbox 707 2685 739 2742; x_wconf 88' lang='lat' dir='ltr'><strong>et</strong></span> <span class='ocrx_word' id='word_1_208' title='bbox 768 2680 862 2742; x_wconf 89' lang='lat' dir='ltr'><strong>etiam</strong></span> <span class='ocrx_word' id='word_1_209' title='bbox 894 2679 954 2763; x_wconf 90' lang='lat' dir='ltr'><strong>ipsi</strong></span> <span class='ocrx_word' id='word_1_210' title='bbox 985 2679 1106 2742; x_wconf 88' lang='lat' dir='ltr'><strong>iudices</strong></span> <span class='ocrx_word' id='word_1_211' title='bbox 1136 2678 1175 2742; x_wconf 92' lang='lat' dir='ltr'><strong>de</strong></span> <span class='ocrx_word' id='word_1_212' title='bbox 1206 2681 1284 2763; x_wconf 90' lang='lat' dir='ltr'><strong>ipsis</strong></span> <span class='ocrx_word' id='word_1_213' title='bbox 1313 2681 1414 2762; x_wconf 90' lang='lat' dir='ltr'><strong>parati</strong></span> <span class='ocrx_word' id='word_1_214' title='bbox 1439 2679 1567 2758; x_wconf 88' lang='lat' dir='ltr'><strong>fuerint,</strong></span> 
     </span>
     <span class='ocr_line' id='line_1_25' title="bbox 256 2775 1567 2858; baseline -0.001 -19"><span class='ocrx_word' id='word_1_215' title='bbox 256 2776 493 2858; x_wconf 87' lang='lat' dir='ltr'><strong>querelantibus</strong></span> <span class='ocrx_word' id='word_1_216' title='bbox 518 2777 670 2839; x_wconf 89' lang='lat' dir='ltr'><strong>iustitiam</strong></span> <span class='ocrx_word' id='word_1_217' title='bbox 697 2775 855 2840; x_wconf 87' lang='lat' dir='ltr'><strong>exhibere.</strong></span> <span class='ocrx_word' id='word_1_218' title='bbox 898 2775 986 2840; x_wconf 89' lang='lat' dir='ltr'><strong>Nulli</strong></span> <span class='ocrx_word' id='word_1_219' title='bbox 1015 2795 1088 2858; x_wconf 84' lang='lat' dir='ltr'><strong>ergo</strong></span> <span class='ocrx_word' id='word_1_220' title='bbox 1116 2779 1245 2840; x_wconf 90' lang='lat' dir='ltr'><strong>omnino</strong></span> <span class='ocrx_word' id='word_1_221' title='bbox 1275 2777 1440 2841; x_wconf 91' lang='lat' dir='ltr'><strong>hominum</strong></span> <span class='ocrx_word' id='word_1_222' title='bbox 1475 2777 1567 2841; x_wconf 87' lang='lat' dir='ltr'><strong>liceat</strong></span> 
     </span>
     <span class='ocr_line' id='line_1_26' title="bbox 256 2873 1566 2956; baseline 0.002 -22"><span class='ocrx_word' id='word_1_223' title='bbox 256 2873 338 2936; x_wconf 90' lang='lat' dir='ltr'><strong>hauc</strong></span> <span class='ocrx_word' id='word_1_224' title='bbox 357 2878 498 2936; x_wconf 90' lang='lat' dir='ltr'><strong>nostram</strong></span> <span class='ocrx_word' id='word_1_225' title='bbox 520 2873 722 2936; x_wconf 89' lang='lat' dir='ltr'><strong>donationem</strong></span> <span class='ocrx_word' id='word_1_226' title='bbox 749 2879 781 2936; x_wconf 88' lang='lat' dir='ltr'><strong>et</strong></span> <span class='ocrx_word' id='word_1_227' title='bbox 804 2875 938 2954; x_wconf 85' lang='lat' dir='ltr'><strong>gretiam</strong></span> <span class='ocrx_word' id='word_1_228' title='bbox 960 2874 1146 2956; x_wconf 82' lang='lat' dir='ltr'><strong>infringere,</strong></span> <span class='ocrx_word' id='word_1_229' title='bbox 1177 2873 1227 2937; x_wconf 85' lang='lat' dir='ltr'><strong>vel</strong></span> <span class='ocrx_word' id='word_1_230' title='bbox 1248 2876 1277 2937; x_wconf 90' lang='lat' dir='ltr'><strong>ei</strong></span> <span class='ocrx_word' id='word_1_231' title='bbox 1298 2893 1380 2938; x_wconf 87' lang='lat' dir='ltr'><strong>ausu</strong></span> <span class='ocrx_word' id='word_1_232' title='bbox 1401 2875 1566 2937; x_wconf 84' lang='lat' dir='ltr'><strong>temerario</strong></span> 
     </span>
     <span class='ocr_line' id='line_1_27' title="bbox 257 2971 1565 3056; baseline 0.001 -23"><span class='ocrx_word' id='word_1_233' title='bbox 257 2972 419 3034; x_wconf 86' lang='lat' dir='ltr'><strong>contraire.</strong></span> <span class='ocrx_word' id='word_1_234' title='bbox 461 2971 493 3034; x_wconf 85' lang='lat' dir='ltr'><strong>Si</strong></span> <span class='ocrx_word' id='word_1_235' title='bbox 522 2972 595 3052; x_wconf 89' lang='lat' dir='ltr'><strong>quis</strong></span> <span class='ocrx_word' id='word_1_236' title='bbox 620 2977 727 3034; x_wconf 85' lang='lat' dir='ltr'><strong>autem</strong></span> <span class='ocrx_word' id='word_1_237' title='bbox 753 2971 812 3034; x_wconf 90' lang='lat' dir='ltr'><strong>hoc</strong></span> <span class='ocrx_word' id='word_1_238' title='bbox 842 2977 1026 3056; x_wconf 80' lang='lat' dir='ltr'><strong>attemptare</strong></span> <span class='ocrx_word' id='word_1_239' title='bbox 1049 2973 1287 3056; x_wconf 85' lang='lat' dir='ltr'><strong>presumpserit,</strong></span> <span class='ocrx_word' id='word_1_240' title='bbox 1315 2991 1430 3055; x_wconf 87' lang='lat' dir='ltr'><strong>penam</strong></span> <span class='ocrx_word' id='word_1_241' title='bbox 1454 2973 1565 3055; x_wconf 83' lang='lat' dir='ltr'><strong>viginti</strong></span> 
     </span>
     <span class='ocr_line' id='line_1_28' title="bbox 254 3069 1567 3154; baseline 0.002 -22"><span class='ocrx_word' id='word_1_242' title='bbox 254 3069 407 3132; x_wconf 86' lang='lat' dir='ltr'><strong>librarum</strong></span> <span class='ocrx_word' id='word_1_243' title='bbox 434 3071 505 3132; x_wconf 87' lang='lat' dir='ltr'><strong>auri</strong></span> <span class='ocrx_word' id='word_1_244' title='bbox 536 3071 608 3152; x_wconf 91' lang='lat' dir='ltr'><strong>puri</strong></span> <span class='ocrx_word' id='word_1_245' title='bbox 629 3089 663 3133; x_wconf 89' lang='lat' dir='ltr'><strong>se</strong></span> <span class='ocrx_word' id='word_1_246' title='bbox 684 3070 808 3132; x_wconf 89' lang='lat' dir='ltr'><strong>noverit</strong></span> <span class='ocrx_word' id='word_1_247' title='bbox 826 3071 1041 3149; x_wconf 90' lang='lat' dir='ltr'><strong>incursurum,</strong></span> <span class='ocrx_word' id='word_1_248' title='bbox 1063 3090 1199 3154; x_wconf 89' lang='lat' dir='ltr'><strong>quarum</strong></span> <span class='ocrx_word' id='word_1_249' title='bbox 1221 3069 1420 3134; x_wconf 86' lang='lat' dir='ltr'><strong>medietatem</strong></span> <span class='ocrx_word' id='word_1_250' title='bbox 1443 3087 1567 3134; x_wconf 86' lang='lat' dir='ltr'><strong>camere</strong></span> 
     </span>
     <span class='ocr_line' id='line_1_29' title="bbox 255 3165 1567 3251; baseline -0.001 -20"><span class='ocrx_word' id='word_1_251' title='bbox 255 3173 375 3244; x_wconf 86' lang='lat' dir='ltr'><strong>nostre,</strong></span> <span class='ocrx_word' id='word_1_252' title='bbox 402 3167 555 3251; x_wconf 89' lang='lat' dir='ltr'><strong>reliquam</strong></span> <span class='ocrx_word' id='word_1_253' title='bbox 589 3187 664 3230; x_wconf 83' lang='lat' dir='ltr'><strong>vero</strong></span> <span class='ocrx_word' id='word_1_254' title='bbox 693 3168 843 3230; x_wconf 86' lang='lat' dir='ltr'><strong>iniuriam</strong></span> <span class='ocrx_word' id='word_1_255' title='bbox 875 3168 977 3249; x_wconf 88' lang='lat' dir='ltr'><strong>passis</strong></span> <span class='ocrx_word' id='word_1_256' title='bbox 1011 3167 1160 3230; x_wconf 90' lang='lat' dir='ltr'><strong>volumus</strong></span> <span class='ocrx_word' id='word_1_257' title='bbox 1191 3166 1340 3250; x_wconf 88' lang='lat' dir='ltr'><strong>applicari</strong></span> <span class='ocrx_word' id='word_1_258' title='bbox 1403 3165 1441 3230; x_wconf 94' lang='lat' dir='ltr'><strong>In</strong></span> <span class='ocrx_word' id='word_1_259' title='bbox 1474 3169 1567 3230; x_wconf 91' lang='lat' dir='ltr'><strong>cuius</strong></span> 
     </span>
     <span class='ocr_line' id='line_1_30' title="bbox 255 3263 1566 3348; baseline 0.001 -19"><span class='ocrx_word' id='word_1_260' title='bbox 255 3268 302 3329; x_wconf 91' lang='lat' dir='ltr'><strong>rei</strong></span> <span class='ocrx_word' id='word_1_261' title='bbox 323 3267 541 3330; x_wconf 89' lang='lat' dir='ltr'><strong>testimonium</strong></span> <span class='ocrx_word' id='word_1_262' title='bbox 563 3271 725 3348; x_wconf 86' lang='lat' dir='ltr'><strong>presentes</strong></span> <span class='ocrx_word' id='word_1_263' title='bbox 745 3263 902 3328; x_wconf 86' lang='lat' dir='ltr'><strong>conscribi</strong></span> <span class='ocrx_word' id='word_1_264' title='bbox 922 3271 952 3328; x_wconf 90' lang='lat' dir='ltr'><strong>et</strong></span> <span class='ocrx_word' id='word_1_265' title='bbox 972 3273 1077 3329; x_wconf 87' lang='lat' dir='ltr'><strong>nostre</strong></span> <span class='ocrx_word' id='word_1_266' title='bbox 1098 3266 1271 3328; x_wconf 87' lang='lat' dir='ltr'><strong>maiestatis</strong></span> <span class='ocrx_word' id='word_1_267' title='bbox 1287 3265 1389 3348; x_wconf 80' lang='lat' dir='ltr'><strong>sigillo</strong></span> <span class='ocrx_word' id='word_1_268' title='bbox 1412 3267 1566 3330; x_wconf 88' lang='lat' dir='ltr'><strong>iussimus</strong></span> 
     </span>
     <span class='ocr_line' id='line_1_31' title="bbox 255 3360 1566 3446; baseline -0.001 -19"><span class='ocrx_word' id='word_1_269' title='bbox 255 3365 456 3427; x_wconf 89' lang='lat' dir='ltr'><strong>communiri.</strong></span> <span class='ocrx_word' id='word_1_270' title='bbox 498 3361 616 3426; x_wconf 88' lang='lat' dir='ltr'><strong>Datum</strong></span> <span class='ocrx_word' id='word_1_271' title='bbox 640 3363 676 3425; x_wconf 91' lang='lat' dir='ltr'><strong>in</strong></span> <span class='ocrx_word' id='word_1_272' title='bbox 707 3362 833 3446; x_wconf 76' lang='lat' dir='ltr'><strong>oppido‘</strong></span> <span class='ocrx_word' id='word_1_273' title='bbox 846 3368 954 3424; x_wconf 89' lang='lat' dir='ltr'><strong>nostro</strong></span> <span class='ocrx_word' id='word_1_274' title='bbox 980 3360 1208 3426; x_wconf 86' lang='lat' dir='ltr'><strong>Franchenfurt</strong></span> <span class='ocrx_word' id='word_1_275' title='bbox 1245 3364 1278 3425; x_wconf 92' lang='lat' dir='ltr'><strong>in</strong></span> <span class='ocrx_word' id='word_1_276' title='bbox 1313 3365 1451 3428; x_wconf 89' lang='lat' dir='ltr'><strong>crastino</strong></span> <span class='ocrx_word' id='word_1_277' title='bbox 1483 3363 1566 3427; x_wconf 90' lang='lat' dir='ltr'><strong>beati</strong></span> 
     </span>
     <span class='ocr_line' id='line_1_32' title="bbox 255 3459 1564 3544; baseline 0.001 -21"><span class='ocrx_word' id='word_1_278' title='bbox 255 3460 323 3525; x_wconf 87' lang='lat' dir='ltr'><strong>Viti</strong></span> <span class='ocrx_word' id='word_1_279' title='bbox 364 3479 448 3523; x_wconf 91' lang='lat' dir='ltr'><strong>anno</strong></span> <span class='ocrx_word' id='word_1_280' title='bbox 478 3459 609 3524; x_wconf 89' lang='lat' dir='ltr'><strong>Domini</strong></span> <span class='ocrx_word' id='word_1_281' title='bbox 641 3461 808 3524; x_wconf 90' lang='lat' dir='ltr'><strong>millesimo</strong></span> <span class='ocrx_word' id='word_1_282' title='bbox 845 3463 1064 3524; x_wconf 86' lang='lat' dir='ltr'><strong>trecentesimo</strong></span> <span class='ocrx_word' id='word_1_283' title='bbox 1104 3461 1262 3524; x_wconf 87' lang='lat' dir='ltr'><strong>tricesimo</strong></span> <span class='ocrx_word' id='word_1_284' title='bbox 1301 3462 1448 3544; x_wconf 89' lang='lat' dir='ltr'><strong>septimo,</strong></span> <span class='ocrx_word' id='word_1_285' title='bbox 1475 3462 1564 3544; x_wconf 83' lang='lat' dir='ltr'><strong>regni</strong></span> 
     </span>
     <span class='ocr_line' id='line_1_33' title="bbox 256 3558 1145 3640; baseline -0.001 -18"><span class='ocrx_word' id='word_1_286' title='bbox 256 3561 355 3623; x_wconf 88' lang='lat' dir='ltr'><strong>nostri</strong></span> <span class='ocrx_word' id='word_1_287' title='bbox 377 3578 461 3622; x_wconf 89' lang='lat' dir='ltr'><strong>auno</strong></span> <span class='ocrx_word' id='word_1_288' title='bbox 482 3560 632 3622; x_wconf 85' lang='lat' dir='ltr'><strong>vicesimo</strong></span> <span class='ocrx_word' id='word_1_289' title='bbox 653 3560 754 3637; x_wconf 87' lang='lat' dir='ltr'><strong>tertio,</strong></span> <span class='ocrx_word' id='word_1_290' title='bbox 773 3559 898 3640; x_wconf 89' lang='lat' dir='ltr'><strong>imperii</strong></span> <span class='ocrx_word' id='word_1_291' title='bbox 921 3577 995 3622; x_wconf 84' lang='lat' dir='ltr'><strong>vero</strong></span> <span class='ocrx_word' id='word_1_292' title='bbox 1017 3558 1145 3621; x_wconf 88' lang='lat' dir='ltr'><strong>decimo.</strong></span> 
     </span>
    </p>
   </div>
   <div class='ocr_carea' id='block_1_3' title="bbox 257 3707 1564 3807">
    <p class='ocr_par' dir='ltr' id='par_1_3' title="bbox 257 3707 1564 3807">
     <span class='ocr_line' id='line_1_34' title="bbox 257 3707 1564 3807; baseline 0.002 -18"><span class='ocrx_word' id='word_1_293' title='bbox 257 3708 366 3791; x_wconf 82' lang='grc'><strong>1337.</strong></span> <span class='ocrx_word' id='word_1_294' title='bbox 392 3707 485 3789; x_wconf 79' lang='lat' dir='ltr'><strong>lull</strong></span> <span class='ocrx_word' id='word_1_295' title='bbox 515 3709 554 3789; x_wconf 81' lang='lat'><strong>6.</strong></span> <span class='ocrx_word' id='word_1_296' title='bbox 585 3708 938 3807; x_wconf 76' lang='lat' dir='ltr'><strong>Asobaaiicnburg.</strong></span> <span class='ocrx_word' id='word_1_297' title='bbox 1476 3709 1564 3792; x_wconf 85' lang='grc'><strong>163.</strong></span> 
     </span>
    </p>
   </div>
   <div class='ocr_carea' id='block_1_4' title="bbox 357 3829 1567 4408">
    <p class='ocr_par' dir='ltr' id='par_1_4' title="bbox 357 3829 1567 4306">
     <span class='ocr_line' id='line_1_35' title="bbox 357 3829 1564 3914; baseline 0.001 -20"><span class='ocrx_word' id='word_1_298' title='bbox 357 3829 521 3906; x_wconf 76' lang='lat' dir='ltr'><strong>Heinrich,</strong></span> <span class='ocrx_word' id='word_1_299' title='bbox 542 3830 727 3913; x_wconf 58' lang='lat' dir='ltr'><strong>Medisdmf</strong></span> <span class='ocrx_word' id='word_1_300' title='bbox 746 3851 806 3894; x_wconf 84' lang='lat' dir='ltr'><strong>von</strong></span> <span class='ocrx_word' id='word_1_301' title='bbox 832 3831 963 3907; x_wconf 73' lang='lat' dir='ltr'><strong>Maius,</strong></span> <span class='ocrx_word' id='word_1_302' title='bbox 984 3829 1102 3910; x_wconf 78' lang='lat' dir='ltr'><strong>bcfielrlt</strong></span> <span class='ocrx_word' id='word_1_303' title='bbox 1127 3831 1174 3896; x_wconf 83' lang='lat' dir='ltr'><strong>bei</strong></span> <span class='ocrx_word' id='word_1_304' title='bbox 1193 3834 1344 3897; x_wconf 76' lang='lat' dir='ltr'><strong>schwercr</strong></span> <span class='ocrx_word' id='word_1_305' title='bbox 1364 3833 1472 3914; x_wconf 72' lang='lat' dir='ltr'><strong>Strosc</strong></span> <span class='ocrx_word' id='word_1_306' title='bbox 1495 3833 1564 3896; x_wconf 86' lang='lat' dir='ltr'><strong>dem</strong></span> 
     </span>
     <span class='ocr_line' id='line_1_36' title="bbox 361 3927 1566 4009; baseline 0.001 -18"><span class='ocrx_word' id='word_1_307' title='bbox 361 3928 472 3992; x_wconf 80' lang='lat' dir='ltr'><strong>Glcrus</strong></span> <span class='ocrx_word' id='word_1_308' title='bbox 501 3927 554 3990; x_wconf 83' lang='lat' dir='ltr'><strong>des</strong></span> <span class='ocrx_word' id='word_1_309' title='bbox 576 3927 818 4009; x_wconf 71' lang='lat' dir='ltr'><strong>Marimatistes</strong></span> <span class='ocrx_word' id='word_1_310' title='bbox 846 3929 937 3991; x_wconf 86' lang='lat' dir='ltr'><strong>sowic</strong></span> <span class='ocrx_word' id='word_1_311' title='bbox 959 3927 1027 3990; x_wconf 79' lang='lat' dir='ltr'><strong>dem</strong></span> <span class='ocrx_word' id='word_1_312' title='bbox 1051 3927 1131 3990; x_wconf 73' lang='lat' dir='ltr'><strong>licite</strong></span> <span class='ocrx_word' id='word_1_313' title='bbox 1159 3929 1228 3991; x_wconf 82' lang='lat' dir='ltr'><strong>und</strong></span> <span class='ocrx_word' id='word_1_314' title='bbox 1249 3930 1316 3992; x_wconf 79' lang='lat' dir='ltr'><strong>(lem</strong></span> <span class='ocrx_word' id='word_1_315' title='bbox 1338 3929 1566 3994; x_wconf 75' lang='lat' dir='ltr'><strong>Schultlueisseu</strong></span> 
     </span>
     <span class='ocr_line' id='line_1_37' title="bbox 357 4025 1567 4106; baseline 0.002 -18"><span class='ocrx_word' id='word_1_316' title='bbox 357 4027 459 4089; x_wconf 81' lang='lat' dir='ltr'><strong>seiucr</strong></span> <span class='ocrx_word' id='word_1_317' title='bbox 481 4026 572 4090; x_wconf 85' lang='lat' dir='ltr'><strong>Stadt</strong></span> <span class='ocrx_word' id='word_1_318' title='bbox 594 4026 707 4106; x_wconf 71' lang='lat' dir='ltr'><strong>Erturt</strong></span> <span class='ocrx_word' id='word_1_319' title='bbox 732 4026 793 4088; x_wconf 81' lang='lat' dir='ltr'><strong>deu</strong></span> <span class='ocrx_word' id='word_1_320' title='bbox 818 4025 1036 4105; x_wconf 74' lang='lat' dir='ltr'><strong>periclulz&#39;cbeu</strong></span> <span class='ocrx_word' id='word_1_321' title='bbox 1064 4025 1199 4092; x_wconf 81' lang='lat' dir='ltr'><strong>Urteileu</strong></span> <span class='ocrx_word' id='word_1_322' title='bbox 1225 4027 1279 4090; x_wconf 86' lang='lat' dir='ltr'><strong>des</strong></span> <span class='ocrx_word' id='word_1_323' title='bbox 1302 4027 1449 4092; x_wconf 70' lang='lat' dir='ltr'><strong>illuiuacr</strong></span> <span class='ocrx_word' id='word_1_324' title='bbox 1470 4025 1567 4092; x_wconf 76' lang='lat' dir='ltr'><strong>Dour-</strong></span> 
     </span>
     <span class='ocr_line' id='line_1_38' title="bbox 357 4123 1567 4206; baseline 0.002 -20"><span class='ocrx_word' id='word_1_325' title='bbox 357 4123 453 4187; x_wconf 80' lang='lat' dir='ltr'><strong>lacrru</strong></span> <span class='ocrx_word' id='word_1_326' title='bbox 480 4125 549 4188; x_wconf 79' lang='lat' dir='ltr'><strong>uad</strong></span> <span class='ocrx_word' id='word_1_327' title='bbox 572 4123 716 4206; x_wconf 74' lang='lat' dir='ltr'><strong>Proprias</strong></span> <span class='ocrx_word' id='word_1_328' title='bbox 747 4124 800 4186; x_wconf 81' lang='lat' dir='ltr'><strong>des</strong></span> <span class='ocrx_word' id='word_1_329' title='bbox 820 4123 1070 4204; x_wconf 70' lang='lat' dir='ltr'><strong>Marieuslitles,</strong></span> <span class='ocrx_word' id='word_1_330' title='bbox 1096 4123 1226 4190; x_wconf 80' lang='lat' dir='ltr'><strong>Jolruuu</strong></span> <span class='ocrx_word' id='word_1_331' title='bbox 1247 4145 1305 4188; x_wconf 80' lang='lat' dir='ltr'><strong>von</strong></span> <span class='ocrx_word' id='word_1_332' title='bbox 1329 4124 1431 4202; x_wconf 82' lang='lat' dir='ltr'><strong>Tricr,</strong></span> <span class='ocrx_word' id='word_1_333' title='bbox 1452 4125 1567 4205; x_wconf 59' lang='lat' dir='ltr'><strong>paulat-</strong></span> 
     </span>
     <span class='ocr_line' id='line_1_39' title="bbox 358 4221 749 4306; baseline 0 -22"><span class='ocrx_word' id='word_1_334' title='bbox 358 4221 435 4286; x_wconf 75' lang='lat' dir='ltr'><strong>liclse</strong></span> <span class='ocrx_word' id='word_1_335' title='bbox 456 4221 552 4306; x_wconf 77' lang='lat' dir='ltr'><strong>Fulge</strong></span> <span class='ocrx_word' id='word_1_336' title='bbox 570 4242 612 4286; x_wconf 78' lang='lat' dir='ltr'><strong>au</strong></span> <span class='ocrx_word' id='word_1_337' title='bbox 628 4221 749 4286; x_wconf 79' lang='lat' dir='ltr'><strong>leietcn.</strong></span> 
     </span>
    </p>

    <p class='ocr_par' dir='ltr' id='par_1_5' title="bbox 416 4338 1192 4408">
     <span class='ocr_line' id='line_1_40' title="bbox 416 4338 1192 4408; baseline 0.006 -17"><span class='ocrx_word' id='word_1_338' title='bbox 416 4339 582 4394; x_wconf 73' lang='lat' dir='ltr'><strong>thrdtrcein</strong></span> <span class='ocrx_word' id='word_1_339' title='bbox 588 4379 596 4406; x_wconf 87' lang='lat'><strong>,</strong></span> <span class='ocrx_word' id='word_1_340' title='bbox 615 4339 694 4397; x_wconf 76' lang='lat' dir='ltr'><strong>Da&#39;oc,</strong></span> <span class='ocrx_word' id='word_1_341' title='bbox 705 4339 780 4408; x_wconf 81' lang='lat' dir='ltr'><strong>Mop.</strong></span> <span class='ocrx_word' id='word_1_342' title='bbox 790 4341 822 4392; x_wconf 77' lang='lat' dir='ltr'><strong>ia</strong></span> <span class='ocrx_word' id='word_1_343' title='bbox 838 4339 940 4393; x_wconf 76' lang='lat' dir='ltr'><strong>archid.</strong></span> <span class='ocrx_word' id='word_1_344' title='bbox 951 4339 1013 4392; x_wconf 82' lang='lat' dir='ltr'><strong>diet.</strong></span> <span class='ocrx_word' id='word_1_345' title='bbox 1024 4338 1078 4396; x_wconf 87' lang='lat' dir='ltr'><strong>XI.</strong></span> <span class='ocrx_word' id='word_1_346' title='bbox 1094 4338 1192 4396; x_wconf 63' lang='lat'><em>8238.</em></span> 
     </span>
    </p>
   </div>
   <div class='ocr_carea' id='block_1_5' title="bbox 259 4443 1568 4626">
    <p class='ocr_par' dir='ltr' id='par_1_6' title="bbox 259 4443 1568 4626">
     <span class='ocr_line' id='line_1_41' title="bbox 337 4443 1568 4528; baseline 0.001 -21"><span class='ocrx_word' id='word_1_347' title='bbox 337 4443 512 4520; x_wconf 86' lang='lat' dir='ltr'><strong>Henrious,</strong></span> <span class='ocrx_word' id='word_1_348' title='bbox 544 4444 603 4508; x_wconf 89' lang='lat' dir='ltr'><strong>Dei</strong></span> <span class='ocrx_word' id='word_1_349' title='bbox 638 4452 668 4508; x_wconf 90' lang='lat' dir='ltr'><strong>ot</strong></span> <span class='ocrx_word' id='word_1_350' title='bbox 699 4445 867 4528; x_wconf 88' lang='lat' dir='ltr'><strong>apostolice</strong></span> <span class='ocrx_word' id='word_1_351' title='bbox 894 4445 977 4508; x_wconf 87' lang='lat' dir='ltr'><strong>sedis</strong></span> <span class='ocrx_word' id='word_1_352' title='bbox 1003 4445 1103 4528; x_wconf 86' lang='lat' dir='ltr'><strong>gratia</strong></span> <span class='ocrx_word' id='word_1_353' title='bbox 1135 4450 1242 4508; x_wconf 88' lang='lat' dir='ltr'><strong>sancte</strong></span> <span class='ocrx_word' id='word_1_354' title='bbox 1270 4443 1456 4526; x_wconf 84' lang='lat' dir='ltr'><strong>Maguntine</strong></span> <span class='ocrx_word' id='word_1_355' title='bbox 1484 4447 1568 4508; x_wconf 88' lang='lat' dir='ltr'><strong>sedis</strong></span> 
     </span>
     <span class='ocr_line' id='line_1_42' title="bbox 259 4543 1568 4626; baseline 0.002 -20"><span class='ocrx_word' id='word_1_356' title='bbox 259 4543 522 4626; x_wconf 84' lang='lat' dir='ltr'><strong>archiepiscopus,</strong></span> <span class='ocrx_word' id='word_1_357' title='bbox 542 4544 623 4606; x_wconf 88' lang='lat' dir='ltr'><strong>sacri</strong></span> <span class='ocrx_word' id='word_1_358' title='bbox 644 4543 766 4626; x_wconf 87' lang='lat' dir='ltr'><strong>imperii</strong></span> <span class='ocrx_word' id='word_1_359' title='bbox 792 4561 848 4625; x_wconf 90' lang='lat' dir='ltr'><strong>per</strong></span> <span class='ocrx_word' id='word_1_360' title='bbox 865 4543 1067 4608; x_wconf 81' lang='lat' dir='ltr'><strong>Germaniam</strong></span> <span class='ocrx_word' id='word_1_361' title='bbox 1086 4544 1388 4624; x_wconf 66' lang='lat' dir='ltr'><strong>archicancellarius</strong></span> <span class='ocrx_word' id='word_1_362' title='bbox 1410 4545 1568 4608; x_wconf 86' lang='lat' dir='ltr'><strong>universis</strong></span> 
     </span>
    </p>
   </div>
   <div class='ocr_carea' id='block_1_6' title="bbox 0 0 1770 5209">
    <p class='ocr_par' dir='ltr' id='par_1_7' title="bbox 0 0 1770 5209">
     <span class='ocr_line' id='line_1_43' title="bbox 0 0 1770 5209; baseline 0 0"><span class='ocrx_word' id='word_1_363' title='bbox 0 0 1770 5209; x_wconf 95' lang='lat' dir='ltr'><strong> </strong></span> 
     </span>
    </p>
   </div>
  </div>
 </body>
</html>
