3525 5209
486 430 714 488 Urlrundenbuch
732 431 782 488 der
799 434 882 490 Stadt
900 433 1006 494 Erfurt.
1044 433 1083 494 11.
1102 434 1188 491 Theil.
1435 435 1486 492 587

179 583 245 646 lilio
264 582 389 663 Thome,
420 583 517 647 electo
538 583 740 662 Nimociensi,
770 591 848 650 tunc
876 587 909 648 in
942 586 1086 670 partibus
1114 587 1178 652 illis
1207 588 1375 671 apostolico
1405 588 1488 651 sedis

181 684 303 762 nuntio,
335 702 376 746 ex
409 684 502 746 certis
532 684 637 747 causis
670 683 912 747 rationabilibus
941 691 1084 748 nostrum
1118 686 1157 749 ud
1191 685 1222 750 id
1262 686 1488 750 inducentibus

181 782 324 845 animum
347 783 463 845 nostris
483 781 629 845 dedimus
641 782 753 846 litteris
767 784 799 845 in
820 783 1020 859 mandatum,
1042 790 1076 848 ut
1090 785 1127 848 ad
1144 784 1319 869 predictum
1337 786 1487 868 oppidum

183 879 349 958 accedens,
374 886 541 964 postquam
567 880 641 944 dicti
670 882 873 963 proconsules
899 888 930 946 et
958 882 1106 945 eonsules
1137 889 1168 945 et
1193 881 1292 964 aliqui
1328 900 1368 945 ex
1396 882 1488 945 dictis

183 979 343 1062 opidanis,
375 979 413 1042 de
443 978 560 1061 quibus
586 979 647 1043 sibi
673 980 832 1044 videretur
858 980 1019 1062 expedire,
1046 981 1205 1044 iurassent
1235 985 1291 1044 aut
1317 978 1400 1042 bona
1426 979 1488 1043 lide

182 1078 410 1161 promisissent,
440 1079 525 1161 quod
556 1078 675 1160 prelato
706 1080 829 1142 intruso
863 1079 911 1142 vel
941 1079 1035 1142 alicui
1071 1078 1159 1142 alteri
1187 1079 1220 1141 in
1248 1079 1331 1142 dicta
1357 1078 1488 1142 ecclesia

182 1176 368 1257 Magantina
400 1182 509 1239 contra
542 1177 699 1258 prefatum
731 1177 1002 1260 arehiepiscopum
1036 1179 1166 1244 lursitau
1203 1177 1391 1240 intrudeudo
1423 1197 1486 1239 non

181 1279 357 1358 prestarent
383 1274 553 1354 armillum,
581 1275 750 1338 consilium
778 1275 828 1338 vel
852 1277 1009 1356 favorem,
1037 1281 1068 1338 et
1099 1275 1239 1358 quodie
1268 1277 1338 1354 lriis,
1364 1281 1489 1358 prepter·

183 1393 246 1457 que
266 1373 341 1436 dieti
359 1391 526 1455 processus
547 1379 656 1436 contra
669 1375 754 1456 ipses
774 1374 847 1436 laeti
869 1374 1002 1451 fucrant,
1016 1375 1172 1437 nostriset
1189 1373 1318 1437 ecclesie
1333 1373 1488 1436 mandatis

184 1475 344 1556 parerent,
366 1470 521 1554 predictos
541 1491 707 1555 processus
728 1477 758 1535 et
779 1469 951 1536 sententias
980 1473 1163 1535 auctoritate
1190 1472 1359 1554 apostolica
1386 1491 1488 1554 usquo
1574 1498 1579 1506 ·

183 1570 221 1632 ad
249 1575 371 1632 certum
404 1575 537 1652 tempus
562 1567 602 1632 de
628 1589 692 1653 quo
724 1569 785 1633 sibi
818 1571 985 1648 videretur,
1013 1571 1219 1653 suspenderet
1245 1577 1275 1632 et
1305 1567 1488 1633 luriusmodi

181 1670 405 1746 iuramentum,
424 1688 487 1750 quo
505 1666 635 1750 predicti
657 1668 868 1751 proconsules,
889 1668 1037 1732 consules
1059 1675 1090 1731 et
1111 1669 1237 1751 opidani
1260 1669 1351 1731 dietis
1370 1668 1488 1731 domne

181 1774 213 1830 et
232 1766 368 1850 capitulo
394 1771 486 1828 erant
507 1767 642 1844 astricti,
661 1772 697 1829 ut
717 1767 885 1849 prefertur,
906 1773 1064 1850 rpuatenus
1091 1767 1129 1829 de
1157 1767 1238 1830 lucto
1262 1772 1489 1849 processerant,

182 1866 366 1928 auctoritate
386 1862 526 1948 predicta
546 1865 702 1928 relaxaret
723 1869 754 1927 et
774 1864 808 1928 in
830 1865 940 1929 eodem
964 1865 1055 1947 opido
1068 1866 1180 1928 eteius
1195 1865 1336 1928 districtu
1350 1865 1488 1949 aliquem

183 1963 317 2046 probum
338 1963 444 2025 virum
466 1962 505 2025 ad
526 1962 558 2024 id
580 1962 740 2043 ydoneum
761 1970 792 2026 et
810 1961 935 2026 fidelem
951 1971 1056 2026 nestro
1068 1968 1099 2026 et
1115 1963 1196 2026 dicte
1208 1962 1490 2027 ecclesieRomane

183 2061 312 2123 nemine
346 2061 501 2122 vicarium
539 2060 717 2143 deputaret,
759 2062 815 2144 qui
850 2061 972 2124 dietum
1007 2061 1135 2144 opidum
1173 2081 1208 2124 ac
1246 2062 1422 2125 districtum
1455 2063 1489 2126 in

183 2157 401 2241 spiritualibus
423 2164 453 2221 et
474 2157 700 2242 temporalibus
722 2167 828 2222 nostro
850 2166 880 2222 et
902 2160 1044 2224 eiusdem
1063 2159 1193 2223 ecclesie
1209 2159 1349 2222 Mirans
1362 2161 1490 2223 nominc

182 2259 215 2319 in
238 2256 456 2341 spiritualibus
474 2262 506 2320 et
526 2257 559 2318 in
581 2257 807 2340 temporalibus
827 2266 948 2340 regeret
969 2265 1000 2321 et
1017 2257 1207 2341 gubernaret
1225 2265 1255 2320 et
1276 2257 1488 2321 omnimodam

183 2355 433 2419 iurisdictionem
455 2355 571 2417 ibidem
594 2374 741 2419 exercere
762 2363 867 2440 posset
888 2365 918 2419 et
939 2345 1079 2434 debelet,
1102 2363 1195 2442 prout
1216 2357 1247 2418 in
1271 2356 1363 2418 dictis
1380 2356 1490 2419 litteris

185 2454 309 2538 plenius
338 2454 527 2519 continetur.
569 2453 649 2516 (lum
674 2460 780 2517 auteur
807 2455 1023 2539 postmodum,
1052 2455 1140 2518 sicud
1176 2472 1276 2536 nuper
1303 2455 1491 2536 accepimus,

185 2553 288 2616 dictus
308 2551 443 2614 Thomas
463 2551 581 2615 electus
602 2553 692 2616 iuxta
713 2554 899 2616 mandatum
922 2559 1066 2617 uestrum
1089 2552 1271 2616 huiusmodi
1283 2552 1321 2614 ad
1334 2553 1490 2635 prelatum

186 2649 317 2734 opidum
338 2651 505 2713 accesserit
524 2654 555 2712 et
579 2652 710 2714 servatis
732 2652 897 2715 servandis
918 2651 1052 2735 prefatos
1075 2671 1239 2735 processus
1268 2656 1299 2713 et
1320 2651 1491 2714 sententias

184 2767 289 2831 usque
315 2747 354 2811 ad
389 2754 511 2811 certum
540 2752 665 2832 tempus
703 2751 887 2813 auctoritate
918 2757 1024 2814 uestra
1058 2749 1195 2830 predicta
1227 2747 1427 2832 suspenderit
1461 2752 1491 2810 et

184 2845 340 2909 nonnulla
368 2845 430 2907 alia
461 2846 495 2907 iu
524 2847 688 2928 premissis
715 2849 774 2910 rite
800 2843 908 2911 seruerit
937 2855 968 2912 et
989 2849 1181 2911 ordinaverit
1209 2867 1245 2910 ue
1278 2852 1307 2911 to
1335 2847 1490 2908 vicarium

187 2946 317 3008 nomine
338 2950 445 3006 nostro
473 2948 503 3007 et
531 2943 612 3007 dicte
639 2943 781 3009 Romane
803 2945 934 3009 ecclesie
954 2947 986 3008 in
1010 2946 1102 3030 opido
1127 2953 1157 3009 et
1178 2945 1322 3009 districtu
1344 2943 1491 3027 predictis

185 3043 383 3106 constituerit
404 3047 434 3105 et
455 3041 666 3125 deputaverit,
700 3043 771 3106 licet
799 3050 832 3107 tu
863 3063 965 3128 usque
994 3063 1079 3106 nune
1110 3043 1292 3106 huiusmodi
1321 3043 1492 3106 vicariatus

184 3139 325 3203 officium
346 3141 543 3203 recusaveris
563 3153 737 3220 assumere,
766 3148 804 3219 et,
827 3143 917 3206 sicud
940 3143 1127 3226 accepimus
1155 3142 1294 3224 prelatus
1323 3141 1491 3224 arehiepis-

183 3257 282 3321 copus
313 3244 430 3301 temere
459 3239 685 3320 presumpserit
720 3239 883 3304 nonnullis
919 3239 1040 3304 clericis
1078 3246 1108 3303 et
1137 3240 1236 3320 laycis
1262 3239 1396 3304 subditis
1424 3240 1491 3302 suis

184 3335 344 3414 inhibere,
361 3355 401 3398 ne
422 3335 570 3398 mandata
590 3336 665 3399 dicti
682 3337 772 3400 electi
792 3339 930 3421 recipere
951 3345 981 3400 ct
1003 3338 1186 3402 huiusmodi
1199 3339 1439 3421 suspensionem
1461 3343 1492 3400 et

187 3435 249 3497 alia
276 3434 419 3497 ordinata
444 3436 631 3517 peripsum
659 3435 794 3498 electum
824 3435 992 3499 observare
1014 3444 1215 3519 presumant,
1254 3457 1311 3499 nos
1345 3436 1492 3513 volentes,

186 3533 271 3614 quod
293 3530 477 3596 huiusmodi
498 3534 663 3615 suspensio
685 3541 714 3595 et
727 3533 795 3604 alia,
819 3553 875 3616 per
896 3534 1014 3597 dictum
1037 3533 1169 3597 electum
1187 3535 1218 3597 iu
1236 3535 1396 3618 premissis
1410 3535 1492 3597 laetu

184 3637 216 3693 et
243 3630 400 3709 ordinata,
428 3651 522 3693 suum
553 3632 732 3695 sarciantur
752 3632 913 3711 ellectum,
944 3633 1130 3696 fraternitati
1159 3641 1212 3695 tue
1241 3651 1296 3716 per·
1323 3632 1492 3716 apostolica

185 3729 301 3812 scripta
323 3728 527 3808 mandamus,
558 3734 725 3811 quatenus
754 3729 936 3792 huiusmodi
964 3731 1134 3794 vicariatus
1156 3731 1295 3794 officium
1318 3749 1492 3808 assumens

185 3827 370 3890 auctoritate
398 3832 506 3890 nostra
534 3829 774 3909 suspensionem
806 3827 987 3891 lruiusnrodi
1020 3833 1051 3891 ot
1085 3828 1146 3892 alia
1178 3830 1211 3890 iu
1249 3829 1410 3910 premissis
1438 3847 1492 3911 per

186 3924 307 3987 dictum
328 3923 464 3987 electum
487 3925 565 3987 lacta
584 3931 613 3988 et
635 3926 793 4006 ordinata,
826 3947 886 3988 non
916 3927 1059 3991 obstante
1087 3945 1279 4010 quacunque
1306 3925 1492 3989 inhibitione

185 4022 260 4085 dieti
279 4022 515 4105 archiepiscopi,
536 4023 633 4085 facias
654 4045 710 4105 per
731 4034 761 4087 te
784 4026 832 4087 vel
855 4025 951 4088 alium
974 4025 1106 4089 firmiter·
1126 4024 1307 4102 observare,
1334 4032 1367 4088 et
1390 4025 1492 4087 nichi-

184 4121 324 4183 lominus
350 4118 470 4183 dictum
498 4121 626 4203 opidum
662 4128 693 4184 et
720 4124 789 4185 eius
816 4123 993 4187 districtum
1022 4128 1128 4186 nostre
1151 4130 1179 4185 el
1202 4122 1342 4187 Romane
1362 4123 1492 4186 ecclesie

184 4220 313 4281 nomine
341 4225 404 4281 tarn
427 4219 459 4280 iu
483 4219 700 4301 spiritualibus
722 4241 818 4302 quum
846 4221 1081 4304 temporalibus
1110 4228 1144 4284 ut
1166 4222 1364 4304 premittitur,
1385 4240 1440 4304 per
1463 4227 1491 4283 te

182 4317 232 4379 vel
256 4318 353 4379 aliurn
376 4317 535 4398 gubernes
555 4322 709 4400 stragas,
729 4327 824 4402 prout
838 4321 1061 4403 archiepiscopi
1075 4319 1252 4401 lllugnutini
1276 4339 1330 4402 pro
1352 4325 1491 4402 tempore

184 4415 350 4478 existentis
372 4415 499 4497 opidum
523 4421 554 4478 et
576 4415 751 4478 districtum
768 4417 949 4480 huiusmodi
965 4437 1071 4500 regere
1085 4423 1115 4480 et
1127 4418 1305 4499 gubernare
1319 4425 1491 4500 potueruut

188 4531 245 4575 seu
267 4514 365 4575 eciam
388 4511 580 4591 debuerunt,
605 4511 705 4576 donee
723 4535 741 4576 a
762 4515 854 4578 nobis
876 4516 925 4578 vel
946 4516 1019 4578 sede
1040 4516 1209 4598 apostolice
1230 4515 1315 4578 aliud
1339 4517 1491 4597 receperis

188 4611 222 4674 in
264 4611 464 4692 mandatum,
510 4611 754 4676 contradictores
806 4615 991 4677 auctoritate
1038 4614 1174 4697 predicta
1222 4634 1276 4698 per·
1322 4633 1490 4678 censuram
