3525 5209
388 404 391 409 ’
491 406 723 463 Urkundeuhuch
740 407 791 464 der
807 406 892 465 Stadt
909 407 1016 469 Eriart.
1052 408 1091 465 11.
1101 408 1189 471 Theil.
1440 410 1491 471 'ill

186 559 340 623 terminos
365 558 571 642 parrochialis
592 559 722 624 ecclesie
741 559 953 625 hiematurum
977 562 1052 626 dicti
1073 560 1159 647 opidi
1180 562 1369 628 translatum
1389 566 1494 631 extitit

187 663 218 721 et
253 657 377 721 noviter
406 657 603 737 edificatum,
639 659 673 721 iu
705 678 769 742 quo
799 658 1000 724 iufirmomm
1032 664 1065 725 et
1092 680 1268 745 pauperum
1302 663 1416 727 cotidie
1447 662 1492 727 ibi

186 758 481 840 supervenientium
519 757 610 839 copia
644 756 843 839 recipiuntur
882 762 915 821 et
951 762 1115 837 tenentur,
1153 759 1272 843 quihus
1301 760 1437 825 infirmis
1462 766 1493 825 et

190 854 384 937 pauperibus
410 874 451 918 ex
478 874 533 935 eo,
558 855 642 937 qnod
664 861 755 919 extra
774 856 894 920 dictum
917 857 1047 940 opidum
1068 858 1252 923 huiusmodi
1273 859 1426 943 hospitale
1447 864 1495 925 est

187 953 389 1035 collocatum,
420 972 476 1039 per
505 959 657 1018 rectorem
685 953 767 1017 dicte
787 953 919 1017 ecclesie
938 952 1167 1037 Mercatorum,
1199 976 1261 1040 que
1281 956 1364 1021 inira
1384 977 1494 1021 muros

187 1051 262 1116 dicti
290 1052 374 1134 opidi
402 1059 450 1117 est
470 1053 601 1131 situata,
630 1056 756 1136 propter
775 1052 904 1135 longam
927 1052 1114 1119 distaueiam
1134 1056 1169 1118 in
1190 1054 1442 1119 confessionibus
1463 1062 1494 1120 et

188 1150 406 1213 ecclesiasticis
435 1152 641 1214 sacramentis
671 1170 708 1214 ac
737 1151 808 1213 aliis
837 1152 924 1214 curis
952 1156 983 1215 ct
1004 1151 1121 1216 divinis
1142 1152 1254 1217 ciliciis
1274 1153 1324 1217 die
1343 1158 1374 1217 et
1394 1158 1494 1234 nocte,

188 1255 282 1331 prout
310 1250 481 1313 necessitas
505 1250 652 1331 requirit,
680 1248 874 1313 sufficienter
896 1249 1054 1333 provideri
1076 1270 1141 1313 non
1160 1254 1270 1335 potest.
1313 1249 1417 1327 Quare
1437 1271 1493 1336 pro

188 1353 275 1430 parte
303 1347 459 1411 dictorum
486 1348 713 1430 exponentium
735 1346 797 1410 fuit
816 1346 909 1410 nohis
929 1346 1093 1411 humiliter
1113 1348 1339 1432 supplicatum,
1368 1353 1403 1413 ut
1423 1368 1493 1434 pro-

189 1447 308 1509 visores
340 1464 398 1510 seu
427 1453 588 1509 curatores
608 1445 710 1528 ipsius
730 1446 894 1529 hospitalis
914 1464 1017 1509 unum
1041 1445 1234 1511 sacerdotem
1255 1449 1416 1531 proprium
1438 1466 1495 1533 per

192 1543 342 1608 dilectum
373 1543 464 1608 nobis
494 1546 528 1607 iu
549 1542 672 1608 Christo
701 1543 855 1608 decanum
884 1544 1014 1607 ecclesie
1040 1542 1178 1609 hilaria
1205 1545 1279 1608 dicti
1307 1546 1406 1629 opidi,
1438 1562 1493 1630 qui

192 1662 278 1705 arnus
299 1662 340 1707 ex
362 1642 453 1706 dictis
475 1642 691 1727 provisoribus
713 1645 829 1724 extitit,
846 1643 1080 1707 instituendum
1101 1650 1133 1706 et
1153 1643 1191 1706 ad
1207 1647 1322 1706 notum
1337 1643 1494 1709 mediante

193 1760 289 1803 causa
310 1740 488 1804 rationabili
505 1740 718 1805 amovendum
738 1742 852 1823 eligere
869 1740 1003 1823 valeant,
1024 1742 1079 1824 qui
1098 1740 1290 1824 pauperibus
1305 1746 1336 1805 et
1357 1741 1494 1805 infirmis

193 1857 229 1900 ac
267 1840 421 1903 ministris
456 1845 487 1902 et
518 1838 724 1903 servitoribus
751 1840 932 1904 domesticis
961 1840 1062 1923 ipsius
1092 1840 1256 1922 hospitalis
1286 1840 1495 1904 ecelesiastica

192 1942 388 2001 sacramenta
403 1937 583 2001 ministrare
595 1944 626 2003 et
635 1938 667 2001 in
681 1938 798 2002 divinis
808 1937 921 2003 cificiis
932 1938 1090 2003 deservire
1102 1940 1494 2023 ipsorumquepauperum

190 2034 405 2115 intirmorum,
434 2036 653 2100 ministrorum
682 2043 713 2101 et
733 2038 939 2117 servitorum,
969 2037 1121 2120 quociens
1141 2038 1312 2101 necessitas
1332 2036 1496 2121 ingruerit,

189 2135 404 2199 confessiones
429 2135 540 2198 andire
567 2155 604 2198 ac
632 2137 711 2220 ipsis
741 2140 772 2200 et
796 2134 928 2199 cuilibet
955 2136 1097 2218 ipsorum
1119 2136 1308 2217 penitentias
1327 2136 1495 2219 iniungere

190 2232 343 2296 salutares
371 2237 515 2297 teneatur
534 2240 631 2317 atque
651 2236 766 2321 possit,
793 2239 888 2317 prout
907 2237 1010 2297 rector
1030 2232 1112 2297 dicte
1132 2234 1263 2300 ecclesie
1282 2233 1492 2297 Mercatorum

188 2331 317 2410 taceret,
343 2332 390 2395 eis
419 2332 590 2395 concedam
617 2337 648 2396 et
674 2337 710 2397 ut
730 2334 837 2416 ipsum
858 2332 1012 2415 hospitale
1030 2351 1104 2395 cum
1125 2331 1274 2395 omnibus
1294 2330 1495 2416 pauperibus,

190 2431 344 2493 ministris
374 2435 405 2494 et
435 2430 643 2495 servitoribus
673 2431 821 2515 predictis
850 2430 890 2494 ab
920 2432 1009 2494 omni
1034 2432 1105 2495 iure
1134 2434 1165 2494 et
1189 2428 1386 2494 subiectione
1413 2430 1494 2507 dicte

190 2528 321 2593 ecclesie
339 2528 550 2593 Mercatorum
569 2535 601 2594 et
616 2532 746 2595 rectoris
763 2530 904 2594 eiusdem
925 2548 1089 2613 segregare
1107 2534 1138 2593 el
1153 2530 1293 2593 eximere
1309 2528 1348 2592 de
1366 2529 1494 2612 speciali

188 2629 289 2707 gratia
316 2628 529 2710 dignaremur.
581 2628 647 2693 Nos
676 2624 790 2713 igitur,
827 2630 881 2713 qui
915 2627 1061 2691 divinum
1091 2627 1213 2691 cultum
1245 2626 1355 2709 augeri
1383 2627 1493 2709 pocius

190 2744 287 2808 quam
315 2726 418 2789 minui
438 2727 574 2790 intensis
595 2726 757 2791 desideriis
778 2727 975 2807 affectamus,
1005 2723 1189 2789 huiusmodi
1211 2723 1494 2808 supplicationibus

191 2824 350 2901 inclinati,
370 2829 407 2887 ut
427 2824 520 2888 liceat
540 2825 618 2910 ipsis
636 2824 854 2910 provisoribus
872 2844 930 2890 seu
951 2823 1167 2901 curatoribus
1188 2824 1336 2907 quisunt
1353 2828 1494 2887 eterunt

190 2942 247 3007 pro
267 2932 424 3006 tempore,
453 2924 626 2987 dummodo
647 2924 806 2988 diocesani
824 2923 887 2987 loci
908 2923 946 2987 ad
967 2923 1000 2987 id
1021 2922 1149 2987 accedat
1169 2940 1361 3001 consensus,
1389 2941 1493 2985 unum

191 3022 385 3086 sacerdotem
415 3021 586 3086 discretum
618 3027 650 3086 et
677 3023 857 3104 ydoneum,
892 3022 1045 3105 quociens
1076 3040 1157 3105 opus
1186 3021 1259 3101 erit,
1295 3020 1410 3103 eligere
1438 3038 1494 3105 per

190 3120 345 3185 dmannm
376 3120 508 3185 ecclesie
534 3118 563 3183 b.
582 3118 681 3185 llario
708 3120 848 3205 predicte
874 3140 932 3203 pro
960 3124 1101 3204 tempore
1131 3119 1321 3183 existentem
1347 3120 1383 3181 in
1411 3117 1494 3181 dicto

189 3218 336 3301 hospitali
363 3219 597 3283 instituendum
627 3225 659 3283 et
678 3219 717 3282 ad
741 3224 857 3283 nutum
877 3238 918 3284 ex
939 3237 1035 3282 causa
1055 3215 1234 3281 rationabili
1255 3216 1494 3295 removendum,

191 3318 246 3401 qui
268 3318 413 3381 sacerdos
433 3319 601 3382 institutus
616 3318 734 3381 futuris
749 3317 946 3401 temporibus
961 3314 1155 3401 pauperibus
1168 3314 1319 3395 infirmis,
1340 3316 1494 3379 ministris

189 3423 222 3479 ct
245 3414 452 3480 servitoribus
472 3416 663 3499 supradictis
683 3421 881 3479 sacramenta
901 3415 1111 3481 ecelesiastica
1131 3414 1310 3477 ministrare
1329 3432 1367 3477 ac
1386 3414 1495 3477 divina

190 3514 294 3579 officia
329 3516 362 3577 in
402 3514 522 3598 capella
561 3514 637 3577 dicti
673 3514 837 3597 hospitalis
870 3513 1043 3592 celebrare,
1078 3513 1286 3595 ipsorumque
1317 3528 1493 3595 pauperum

189 3613 405 3693 intirmorum,
434 3614 654 3677 minisborum
675 3618 707 3677 ot
726 3612 917 3675 servitorum
940 3610 1155 3675 confessiones
1176 3610 1287 3675 audire
1307 3628 1344 3673 ac
1364 3610 1443 3692 ipsis
1464 3614 1495 3673 et

190 3710 321 3775 cuilibet
350 3715 491 3795 ipsorum
522 3710 718 3794 penitenciae
747 3710 915 3792 iniungere
946 3709 1099 3773 salutares
1128 3708 1232 3773 valeat
1260 3714 1357 3791 atque
1387 3709 1495 3791 possit,

190 3811 376 3874 auctoritate
404 3829 469 3892 qua
488 3808 655 3892 fungimur
675 3812 783 3871 tenore
803 3808 997 3891 presentium
1019 3805 1180 3871 licentiam
1200 3806 1412 3888 impartimur.
1454 3803 1496 3868 ut

190 3907 419 3973 nichilominus
438 3908 546 3991 ipsum
563 3905 718 3990 hospitale
737 3925 813 3970 cum
834 3904 985 3971 omnibus
1006 3906 1075 3971 suis
1095 3902 1227 3968 edificiis
1247 3922 1284 3967 ac
1301 3901 1495 3989 pauperibus

190 4006 334 4084 infirmis
353 4006 508 4069 ministris
526 4010 557 4069 et
574 4004 781 4069 servitoribus
798 4004 941 4068 eiusdem
955 4002 1135 4067 domesticis
1150 4008 1182 4066 et
1192 4000 1495 4067 commensabilibus

189 4105 230 4169 ab
259 4106 344 4169 omni
373 4106 445 4168 iure
472 4109 503 4167 et
523 4103 720 4168 subiectione
738 4103 821 4167 dicte
840 4102 1045 4186 parrochialis
1066 4101 1197 4165 ecclesie
1218 4099 1428 4165 Mercatorum
1451 4100 1496 4163 ita

189 4209 313 4283 tamen,
342 4202 426 4287 quod
456 4203 603 4267 iniuriosi
635 4202 736 4266 eidem
764 4200 895 4265 ecclesie
924 4218 989 4264 uon
1010 4200 1149 4264 existant
1178 4199 1344 4282 ipsiusque
1364 4196 1496 4261 ecclesie

189 4300 392 4384 parrochialis
418 4302 450 4364 in
480 4300 552 4364 aliis
578 4302 649 4363 iure
676 4300 777 4380 salvo,
804 4298 914 4363 eadem
941 4298 1126 4362 auctoritate
1153 4297 1326 4361 eximimus
1347 4300 1378 4359 et
1398 4296 1494 4359 ctiam

189 4418 402 4482 segregamus.
443 4398 531 4463 Nulli
556 4417 631 4481 ergo
658 4399 788 4462 omnino
816 4397 983 4461 hominum
1005 4396 1200 4461 liceat'hauc
1219 4395 1366 4479 pagiuam
1389 4397 1496 4457 nostre

189 4499 420 4576 concessionis,
467 4497 678 4579 exemptionis
718 4502 751 4561 et
788 4496 1018 4580 segregationis
1061 4494 1234 4576 intringere
1254 4492 1305 4556 vel
1343 4493 1372 4555 ei
1413 4510 1497 4555 ausu

189 4598 356 4665 temerario
392 4596 556 4660 contraire.
610 4594 645 4659 Si
682 4595 755 4677 quis
789 4599 897 4670 autem
936 4594 995 4658 hoe
1030 4597 1216 4677 attemptare
1256 4589 1492 4677 presumpserit,
