3525 5209
466 394 694 451 Urlrundeubuch
713 393 863 490 ⁶⁰¹2ffl³dt
881 393 986 451 Eriurt.
1024 394 1064 451 II.
1076 392 1163 451 Thcil.
1436 392 1470 446 18

155 548 293 612 electus.
335 546 423 611 Visis
441 550 472 611 et
494 546 637 631 perlectis
658 547 769 611 litteris
791 546 872 609 bone
885 545 1037 608 memoria
1054 542 1214 627 quondam
1226 542 1471 607 domiuiWeru·

155 647 230 709 heri
262 646 492 728 predecessoris
522 647 635 725 nostri,
667 664 725 708 suo
757 650 788 708 et
825 642 952 726 capituli
982 640 1160 724 Moguntini
1192 640 1304 724 sigillis
1329 642 1472 726 munitis

155 762 257 828 super
281 744 437 806 locatione
465 762 521 807 seu
550 744 753 807 concessione
779 742 894 804 domus
919 746 992 803 ante
1017 740 1135 822 gradus
1156 738 1360 802 llriordenses
1381 741 1471 803 iuxta

159 842 342 925 pomerium
375 846 520 905 nostrum
551 848 582 905 et
612 852 684 905 aree
715 840 795 902 dicte
817 838 991 917 Steinwerg
1016 856 1103 900 nuuc
1129 837 1285 914 edificate,
1317 835 1472 919 religiosis

159 940 277 1003 viris..
310 937 416 1001 abbati
436 944 467 1002 et
497 939 669 1001 conventui
701 940 733 999 iu
758 934 1078 1017 Reyuhartesbdrnen
1109 934 1229 997 ordinis
1256 934 1284 997 S.
1308 933 1472 998 Benedicti

158 1036 344 1117 hloguntini
386 1035 520 1099 diocesis
561 1041 591 1099 01
631 1054 740 1099 eorum
774 1034 963 1097 monasterio
1003 1050 1059 1115 per
1098 1032 1273 1115 predictum
1310 1032 1469 1114 quondam

160 1137 330 1198 dominum
360 1133 588 1213 Wernherum,
618 1132 657 1196 10
688 1152 846 1195 consensu
875 1130 1005 1215 capituli
1035 1123 1214 1211 Moguutiui
1244 1129 1340 1207 facta,
1374 1150 1470 1212 quem

160 1234 351 1297 locationem
384 1250 439 1295 seu
468 1232 703 1295 concessionem
735 1230 836 1293 felicis
869 1228 1093 1293 recordationis
1126 1226 1286 1308 quondam
1321 1227 1471 1291 domiuus

161 1330 278 1395 Petrus
308 1330 510 1414 predecessor
536 1335 642 1391 noster
669 1329 701 1390 in
724 1329 790 1391 suis
811 1327 937 1404 litteris,
964 1345 1044 1408 quas
1066 1326 1209 1389 similiter
1231 1326 1471 1404 0110000,οο0-

161 1429 320 1500 firmavit,
360 1448 439 1509 quas
471 1428 601 1509 inquam
635 1444 738 1489 aream
770 1444 856 1488 nunc
888 1424 1064 1487 edificatam
1095 1429 1126 1486 et
1155 1423 1285 1485 domum
1317 1423 1472 1507 predictas

163 1526 330 1589 lohannes
357 1526 395 1588 10
423 1524 550 1587 Remsla
577 1524 710 1586 clericus
736 1542 822 1585 nunc
844 1521 999 1584 inhabitat
1020 1528 1051 1583 et
1073 1520 1210 1604 possidet
1231 1527 1262 1583 et
1282 1540 1323 1583 ex
1344 1530 1431 1605 parte
1444 1573 1471 1586 ..

161 1624 287 1687 abbatis
319 1630 350 1685 et
378 1628 554 1685 conventus
584 1622 617 1683 10
650 1620 971 1701 Reynhartesbirrnen
1000 1618 1211 1701 predictorum
1239 1617 1414 1682 inhabitare
1441 1627 1472 1683 et

163 1721 327 1806 possidere
345 1719 435 1783 debet
454 1720 634 1803 ad-tempos
652 1721 715 1781 vite
732 1737 799 1797 sue,
821 1737 878 1780 nos
890 1718 976 1799 ipses
992 1717 1178 1780 locationem
1194 1725 1225 1779 et
1236 1718 1470 1780 concessionem

163 1839 201 1883 00
222 1820 318 1883 modo
340 1819 422 1881 sicut
443 1818 523 1879 facte
544 1824 632 1893 snut,
658 1834 781 1879 necnon
809 1814 1069 1878 inhabitationem
1095 1821 1127 1877 et
1150 1816 1383 1897 possessionem
1402 1834 1473 1898 pre-

164 1918 242 1980 dicti
254 1916 411 1979 Johannis
432 1914 471 1977 de
486 1913 616 1977 Ramsla
636 1914 739 1977 clerici
761 1920 844 1976 ratas
867 1912 1027 1990 habentes,
1047 1910 1275 1975 confirmamus
1295 1918 1326 1975 et
1346 1930 1472 1995 presen-

162 2014 252 2079 tibus
287 2014 400 2077 litteris
434 2014 639 2089 innovemus,
675 2012 785 2075 dantes
820 2030 916 2094 super
945 2029 982 2073 eo
1014 2010 1071 2072 hes
1100 2008 1219 2073 litteras
1250 2012 1349 2073 nostri
1379 2010 1473 2093 sigilli

162 2112 358 2196 appensione
394 2110 542 2173 munitas.
607 2107 726 2172 Datum
764 2108 907 2171 Erlbrdie
945 2106 990 2169 V⁰
1031 2106 1099 2170 Kal.
1138 2106 1345 2190 Septembris,
1388 2127 1473 2171 anno

163 2208 295 2272 Domini
318 2208 484 2272 millesimo
503 2207 721 2269 trecentesimo
742 2208 893 2269 vicesimo
915 2204 1063 2269 secundo.

170 2438 279 2519 1322.
307 2434 549 2519 November
575 2435 640 2517 26.
1408 2436 1475 2521 20.

267 2570 385 2655 Latolf
399 2591 459 2635 000
481 2570 705 2653 mareotem,
727 2572 811 2634 00100
824 2571 919 2635 Frcu
940 2570 1009 2633 cod
1025 2568 1126 2635 Sdhhc
1145 2571 1255 2651 019000
1271 2571 1339 2633 dein
1359 2572 1475 2637 Occator

269 2670 323 2733 dcs
344 2669 558 2750 Severistt'stas,
581 2668 676 2749 Hcpo
697 2688 756 2732 000
782 2668 902 2745 Vorihc,
924 2670 992 2731 cirre
1005 2668 1279 2749 Hcchrtlcndcs
1294 2688 1336 2733 etc
1355 2669 1475 2745 Vcrilc,

269 2766 379 2831 welche
404 2766 514 2849 frither
542 2765 670 2847 liudolf
689 2786 748 2830 000
783 2766 895 2831 Varilc
921 2767 990 2829 dem
1009 2766 1161 2847 Erfcrtcr
1181 2765 1309 2847 Beirper
1333 2764 1475 2830 Dichich

269 2886 328 2928 000
358 2863 532 2929 Varitcru
554 2862 919 2943 umenecessitatis,
945 2863 1039 2927 deren
1068 2861 1254 2943 Verleihcno
1275 2864 1347 2926 cho·
1367 2885 1411 2926 00
1432 2864 1476 2927 sic

206 3018 209 3023 .
268 2963 443 3043 pehcrnmcn
465 2961 514 3027 ist.

322 3077 415 3131 onim
426 3076 463 3131 D.
473 3075 580 3131 Md.

249 3181 405 3246 Noverint
424 3182 565 3245 universi
596 3182 790 3265 presentium
819 3183 1025 3265 inspectores,
1061 3182 1146 3265 quod
1177 3202 1236 3246 uos
1264 3182 1409 3247 Lutolfus
1437 3183 1477 3248 de

168 3280 409 3360 Stuteruheym,
441 3278 537 3342 Utilia
570 3298 652 3342 uxor
683 3298 756 3354 sua,
786 3277 932 3342 Lutolfus
960 3286 992 3343 et
1022 3278 1179 3343 Rodultus
1209 3279 1267 3343 filii
1302 3282 1475 3345 eorundem

169 3396 319 3441 mensum
333 3395 433 3439 uuum
456 3380 537 3439 terre
557 3375 685 3439 arabilis
705 3378 801 3440 situm
820 3378 854 3437 in
871 3378 991 3460 campis
1006 3377 1079 3440 ville
1095 3377 1208 3453 Varila,
1224 3397 1318 3461 quem
1335 3385 1477 3442 anostro

169 3476 289 3538 sororio
316 3472 448 3537 Rodoll'o
475 3473 513 3537 de
535 3473 642 3535 Varila
663 3475 714 3556 pie
742 3476 893 3537 memorie
915 3473 1098 3539 Thiderious
1124 3476 1163 3539 de
1183 3474 1293 3539 Varila
1315 3477 1476 3559 quondam

168 3574 249 3635 civis
276 3569 475 3634 Erlordensis
507 3572 621 3653 suique
652 3571 781 3635 heredes
812 3571 903 3635 titulo
923 3573 999 3635 iusti
1033 3572 1120 3635 feudi
1148 3578 1330 3653 tenuerunt,
1357 3576 1409 3638 cui
1442 3576 1477 3638 in

169 3670 335 3733 collatione
369 3668 513 3732 facienda
542 3668 616 3731 11011
644 3671 747 3731 mansi
779 3670 1007 3750 successimus,
1045 3670 1221 3734 honorabili
1250 3672 1318 3735 viro
1349 3672 1477 3736 domino

171 3766 304 3849 Hugcni
335 3766 374 3831 10
400 3766 523 3847 Varih,
551 3768 671 3829 cantori
702 3766 831 3829 ecclesie
862 3769 963 3831 sancti
984 3767 1090 3833 Severi
1119 3769 1255 3832 civitatis
1280 3768 1479 3835 Erlordensis

173 3864 320 3949 predicte,
361 3869 487 3947 propter
513 3864 583 3927 eius
615 3865 833 3947 promociones
859 3883 983 3928 necnon
1009 3866 1141 3929 servicia
1166 3864 1260 3930 nobis
1287 3868 1420 3950 inpensa
1447 3873 1479 3932 et

172 3961 372 4046 inpendenda
404 3962 678 4047 appropriavimus
706 3969 736 4026 et
760 3962 874 4027 damus
900 3964 933 4025 in
962 3964 1125 4047 proprium
1153 3982 1210 4047 por
1236 3970 1413 4047 presentes,
1443 3973 1479 4030 ut

172 4061 211 4124 de
221 4058 361 4143 predicto
380 4078 491 4123 manso
507 4059 647 4123 10010110
667 4068 864 4143 perpetuum,
881 4061 1038 4145 quidquid
1048 4061 1108 4125 sibi
1119 4062 1272 4145 placuerit
1280 4062 1477 4143 faciendum,

173 4158 234 4221 sibi
266 4159 398 4239 iusuper
420 4158 637 4241 promittentes
656 4160 867 4237 auctorizare,
898 4160 1046 4243 expedire
1073 4165 1104 4223 01
1129 4158 1302 4243 disbrigare
1329 4180 1477 4224 mansum

172 4257 349 4341 predictum
378 4262 488 4317 000100
522 4274 748 4339 quemcunque
781 4258 1020 4321 universitatem
1049 4257 1088 4320 de
1116 4259 1373 4341 appropriucione
1397 4257 1478 4321 10010

173 4354 275 4417 eidem
305 4352 473 4435 collegium
499 4360 530 4416 et
556 4372 730 4436 personam.
775 4354 885 4419 Huius
909 4357 955 4419 rei
979 4361 1074 4418 testes
1095 4362 1186 4417 sunt:
1213 4354 1420 4419 Hermannne
1440 4356 1479 4419 de

172 4451 299 4531 Tanna,
339 4448 550 4514 Theodericus
585 4450 624 4513 de
657 4448 816 4515 Brantbac
850 4454 960 4515 vicarii
998 4452 1128 4516 ecclesie
1160 4471 1184 4513 s
1217 4452 1316 4516 llario
1344 4452 1479 4515 civitatis

176 4549 376 4613 Erfordensis
406 4549 555 4634 predicte,
588 4546 793 4613 Hermannus
825 4550 864 4613 de
894 4550 986 4613 Novo
1015 4552 1084 4613 foro
1113 4550 1221 4631 mileS,
1251 4549 1411 4613 Heuricus
1441 4550 1480 4613 10
