3525 5209
513 372 740 441 Urlrundenbucb
759 378 808 440 der
826 381 910 440 stada
928 373 1034 440 Erlurt.
1071 371 1110 441 ῘΙ.
1129 367 1217 441 'l'beil
1469 371 1521 443 339

219 559 318 624 quare
343 539 542 602 decrevimus
563 538 602 602 de
623 539 719 617 scitu,
746 537 876 600 musilio
899 543 929 601 et
947 557 1104 601 consensu
1127 539 1359 602 honorabilium
1380 541 1522 603 virorum

141 639 149 648 “
213 637 354 703 Rudolffi
380 636 507 709 decani,
532 636 684 698 Gerbardi
712 637 866 699 scolastici
894 643 924 700 et
950 635 1079 699 Henrici
1108 636 1247 700 custodis
1273 655 1396 701 necnon
1425 641 1522 700 totius

213 737 343 819 capituli
378 742 484 799 nostre
520 735 650 796 ecclesie
677 733 877 814 Maguntine,
911 733 1004 796 nobis
1031 745 1060 796 et
1092 734 1221 797 ecclesie
1251 741 1357 798 nostre
1385 735 1522 817 predicte

214 837 350 898 scienter
365 833 617 916 suffragantium,
631 832 767 894 vendere
784 833 859 894 viris
873 831 1082 914 prudentibus
1099 841 1129 894 et
1143 832 1286 895 discretis
1301 879 1321 894 ..
1338 831 1523 896 consulibus

213 943 246 996 et
275 933 471 996 universitati
498 933 617 994 civium
642 929 880 993 Eriordensium
907 928 1053 993 fidelibus
1081 931 1195 992 nostris
1221 930 1355 1008 dilectis,
1384 948 1464 1014 quos
1489 932 1523 993 in

217 1032 276 1094 boc
304 1033 415 1094 ceteris
442 1031 578 1113 preferre
607 1028 770 1107 volumus,
798 1034 835 1090 ut
859 1026 1024 1090 nobiscum
1053 1030 1117 1090 sint
1135 1030 1302 1110 participes
1322 1029 1526 1106 emolimenti,

216 1131 244 1192 si
273 1130 357 1212 quod
378 1130 425 1192 eis
446 1146 623 1190 accrescere
643 1128 757 1210 poterit
776 1127 810 1188 in
831 1125 891 1188 hoc
911 1143 1004 1200 casu,
1030 1126 1100 1188 aliis
1121 1126 1192 1208 plus
1213 1125 1323 1188 offerre
1345 1126 1525 1190 nolentibus

216 1247 273 1310 pro
288 1227 417 1306 eisdem,
432 1227 518 1289 unde
532 1227 578 1288 eis
592 1225 793 1288 vendidimus
804 1230 835 1287 et
845 1242 901 1306 per
911 1231 1072 1306 presentes
1086 1235 1208 1286 nostras
1219 1225 1337 1288 litteras
1350 1225 1526 1304 vendimus,

217 1326 356 1407 legitimo
374 1330 538 1387 contractu
555 1323 791 1398 interveniente,
810 1327 951 1384 nostram
971 1321 1084 1385 ibidem
1103 1329 1260 1386 monetam
1281 1343 1355 1386 cunr
1376 1321 1526 1386 omnibus

216 1423 355 1502 iuribus,
381 1421 595 1498 libertatibus,
623 1419 923 1500 consuetudinibus,
948 1419 1105 1483 fructibus
1131 1429 1162 1483 et
1192 1421 1322 1500 bonore,
1351 1422 1434 1483 sicut
1458 1440 1524 1500 nos,

216 1520 451 1602 predecessores
478 1520 577 1582 nostri
605 1529 637 1582 et
662 1519 794 1582 ecclesia
815 1527 922 1582 nostra
949 1520 1148 1602 possedimus
1170 1538 1293 1581 necnon
1315 1537 1351 1582 ea
1372 1519 1525 1582 hactenus

219 1619 267 1681 usi
290 1625 365 1681 sunt
386 1625 481 1700 atque
503 1638 629 1696 sumus,
656 1620 701 1680 ita
719 1636 808 1697 sane,
830 1616 915 1699 quod
935 1617 1055 1680 ferrum
1077 1618 1178 1699 ipsius
1199 1623 1325 1680 monete
1345 1615 1525 1678 fabricando

221 1715 269 1778 vel
286 1734 350 1798 quo
372 1723 498 1778 moneta
517 1716 590 1778 cudi
613 1716 712 1790 debet,
733 1717 765 1777 in
788 1715 903 1778 allodio
925 1721 1032 1778 nostro
1053 1717 1086 1777 in
1109 1714 1262 1777 En‘iordia
1283 1713 1394 1778 debeat
1410 1715 1526 1796 iugiter

217 1833 417 1895 permanere,
446 1813 533 1876 salvo
555 1822 660 1876 tamen
683 1834 735 1888 eo,
764 1813 849 1896 quod
869 1813 999 1895 predicti
1020 1815 1104 1875 cives
1126 1815 1216 1896 ipsis,
1239 1821 1364 1875 moneta
1384 1821 1414 1875 et
1434 1811 1526 1891 ferre,

216 1911 256 1972 ad
283 1929 393 1972 eorum
422 1909 617 1992 beneplacita
644 1912 690 1973 uti
719 1918 750 1973 et
770 1911 834 1974 frui
857 1917 1006 1993 poterunt
1025 1919 1056 1974 et
1079 1911 1248 1979 debebunt.
1291 1910 1331 1973 Et
1351 1909 1527 1993 specialiter

218 2027 272 2071 eos
297 2011 329 2069 in
357 2008 416 2070 hoc
435 2007 641 2071 liberavimus
662 2016 694 2071 et
714 2009 913 2092 presentibus
935 2009 1121 2088 liberamus,
1149 2011 1226 2091 ipsis
1247 2015 1396 2091 perpetue
1416 2026 1526 2070 conce-

217 2106 334 2186 dendo,
369 2107 453 2188 quod
492 2106 603 2169 nullus
636 2107 846 2189 predictorum
877 2109 995 2171 civium
1030 2125 1083 2188 pro
1116 2105 1181 2168 ullo
1210 2124 1354 2188 unquam
1386 2115 1526 2188 tempore

216 2212 361 2268 teneatur
391 2205 428 2266 ad
458 2204 652 2266 solucionem
681 2223 836 2268 censuum
866 2205 1037 2288 vulgariter
1058 2204 1212 2267 dictorum
1236 2204 1442 2287 slegeschatz,
1470 2205 1525 2285 qui

218 2301 324 2382 nobis,
354 2302 484 2364 ecclesie
515 2310 621 2365 nostre
653 2302 703 2366 vel
730 2303 801 2366 aliis
820 2304 1047 2366 commissoriis
1067 2304 1184 2366 nostris
1205 2302 1280 2365 olim
1300 2302 1339 2366 de
1359 2301 1527 2380 frumento,

218 2401 320 2462 tritico
337 2407 368 2462 et
386 2401 518 2482 siligine,
540 2401 643 2478 ordeo,
663 2419 773 2479 avena,
793 2401 892 2484 spelta
908 2401 957 2464 vel
975 2401 1014 2464 de
1031 2400 1138 2482 aliqua
1155 2399 1216 2462 alia
1237 2419 1373 2478 annona,
1395 2399 1526 2462 humulo

219 2506 276 2559 aut
303 2497 398 2580 lignis
425 2496 673 2581 quibuscunque
701 2500 817 2580 porrigi
843 2505 1093 2578 consueverunt,
1120 2499 1158 2561 de
1186 2517 1323 2581 quorum
1344 2515 1476 2560 munere
1497 2507 1528 2560 et

220 2594 378 2657 solutione
404 2614 458 2657 eos
479 2603 509 2657 et
531 2596 704 2678 quemlibet
723 2616 832 2658 eorum
856 2597 1005 2660 volumus
1028 2606 1059 2659 et
1079 2595 1279 2680 presentibus
1301 2596 1438 2658 dicimus
1458 2614 1528 2658 esse

219 2692 333 2755 liberos
349 2700 379 2755 et
395 2695 563 2756 immunes.
598 2692 679 2756 Cum
700 2694 818 2777 quibus
836 2695 965 2777 quidem
988 2695 1136 2758 censibus
1158 2694 1249 2757 dictis
1271 2692 1470 2775 slegeschatZ,
1491 2701 1528 2756 ut

220 2791 389 2873 prefertur,
410 2790 485 2852 dicti
508 2793 605 2852 nostri
627 2839 654 2853 ..
677 2790 785 2855 fideles
803 2795 890 2856 cives
910 2792 1128 2856 Erffordenscs
1149 2813 1204 2876 pro
1226 2793 1294 2855 suis
1315 2792 1477 2855 voluntate
1498 2801 1528 2854 et

220 2888 363 2960 utilitate,
385 2890 417 2950 in
441 2898 595 2970 quantum
618 2908 672 2952 eos
693 2897 749 2952 aut
769 2890 904 2954 alterum
926 2893 1094 2968 concernit,
1116 2892 1275 2954 extraneis
1296 2889 1365 2952 aliis
1386 2891 1529 2972 personis

220 2987 374 3065 exclusiS,
399 2993 492 3068 prout
520 2989 566 3050 eis
588 2987 746 3050 videbitur
766 2989 929 3072 expedire,
956 2989 1122 3071 disponere
1143 2994 1291 3072 poterunt
1309 2995 1340 3050 et
1360 2987 1530 3066 debebunt,

221 3084 348 3166 quando
374 3092 405 3146 et
431 3086 577 3165 quotiens
598 3086 675 3167 ipsis
696 3085 791 3148 fuerit
810 3095 1039 3169 opportunum,
1068 3107 1123 3169 pro
1144 3086 1246 3149 tribus
1268 3084 1396 3148 milibus
1416 3087 1530 3148 marcis

221 3183 292 3263 puri
320 3183 440 3264 argenti
467 3182 614 3263 ponderis
634 3181 847 3262 EriordeusiS,
872 3183 964 3246 nobis
986 3192 1016 3246 et
1036 3185 1165 3246 ecclesie
1186 3191 1291 3247 nostre
1312 3182 1480 3246 liberaliter
1500 3192 1531 3246 et

223 3279 340 3341 utiliter
356 3279 542 3360 ponderatis,
559 3283 744 3360 numeratis,
757 3281 878 3344 traditis
895 3291 925 3344 et
941 3282 1052 3344 solutis
1066 3301 1102 3344 ac
1118 3283 1152 3345 in
1167 3282 1333 3346 utilitatem
1347 3291 1376 3343 et
1389 3290 1529 3343 nostram

221 3381 440 3439 necessitatem
471 3386 504 3439 ot
533 3378 663 3440 ecclesie
693 3387 799 3441 nostre
831 3379 968 3462 predicte
1001 3387 1151 3463 perpetuo
1180 3380 1364 3442 duraturam
1396 3378 1532 3442 totaliter

220 3478 285 3537 iarn
306 3476 482 3554 conversis,
501 3475 598 3538 nichil
620 3477 700 3539 iuris
721 3477 770 3539 vel
791 3479 948 3540 commodi
971 3477 1071 3558 nobis,
1092 3477 1328 3542 successoribus
1349 3479 1465 3540 nostris
1481 3476 1531 3540 vel

221 3573 351 3635 ecclesie
374 3581 479 3635 nostre
496 3575 529 3636 in
545 3576 708 3656 premissis
722 3576 850 3656 penitus
868 3580 1075 3654 reservantes,
1095 3575 1150 3639 sed
1167 3576 1302 3638 totaliter
1318 3575 1397 3658 ipsis
1413 3593 1532 3637 renun-

221 3672 344 3732 ciamus
359 3671 393 3732 in
408 3671 470 3732 hiis
482 3673 616 3753 scriptis,
634 3671 783 3736 tradendo
799 3672 999 3754 presentibus
1016 3673 1145 3755 prefatis
1160 3671 1345 3736 consulibus
1361 3680 1392 3734 et
1407 3671 1531 3735 civibus

221 3769 416 3851 corporalem
444 3771 676 3850 possessionem
705 3778 830 3834 monete
854 3777 1097 3854 ceterorumque
1123 3791 1278 3835 censuum
1305 3772 1531 3853 premissorum

221 3866 384 3949 pacificam
403 3873 435 3929 et
455 3868 603 3949 quietam.
645 3867 792 3932 Preterea
811 3868 851 3931 ob
873 3869 1042 3952 specialem
1063 3870 1271 3948 dilectionem,
1294 3888 1389 3951 quam
1412 3869 1450 3931 ad
1474 3887 1532 3930 nos

223 3964 298 4028 dicti
320 3966 418 4028 nostri
438 3966 524 4028 cives
544 3964 751 4030 Erfordenses
769 3967 878 4031 fideles
898 3975 1015 4050 gerunt
1034 3975 1065 4030 et
1085 3966 1213 4046 babent,
1239 3965 1331 4030 nobis
1352 3968 1531 4049 nostrisque

223 4061 461 4126 successoribus
488 4069 519 4126 et
544 4064 680 4147 capitulo
706 4063 920 4128 favorabiliter
940 4072 1177 4144 concesserunt,
1205 4071 1346 4128 nostram
1368 4064 1531 4127 ecclesiam

223 4163 259 4224 in
275 4160 334 4223 hoc
348 4161 523 4244 specialiter
535 4162 730 4241 honorando,
747 4163 832 4246 quod
846 4183 905 4228 nos
920 4169 952 4226 et
965 4165 1065 4226 nostri
1079 4181 1276 4226 successores
1292 4169 1347 4226 aut
1357 4161 1531 4246 capitulum

224 4259 324 4322 dictos
339 4264 498 4322 monetam
515 4267 546 4322 et
560 4279 676 4323 census
692 4261 882 4344 slegescbatz
899 4282 973 4325 cum
988 4261 1137 4326 omnibus
1153 4262 1221 4324 suis
1248 4260 1373 4323 iuribus
1389 4267 1421 4323 et
1439 4259 1532 4322 liber—

224 4357 352 4437 tatibus,
370 4357 664 4437 oonsuetudiuibus,
679 4358 836 4423 fructibus
850 4368 881 4423 et
898 4361 1016 4424 bonore
1031 4378 1169 4422 reemere
1180 4361 1339 4442 possimus
1353 4378 1408 4441 pro
1422 4359 1531 4421 eodem

225 4458 343 4539 precio,
370 4475 434 4538 quo
461 4455 675 4536 vendidimus,
701 4458 957 4541 quandocunque
989 4478 1047 4521 nos
1079 4458 1128 4520 vel
1142 4458 1209 4540 ,ipsi
1231 4458 1442 4536 decreverint,
1478 4463 1533 4520 aut

226 4553 318 4618 uobis
333 4553 383 4618 vel
398 4556 477 4638 ipsis
492 4553 650 4618 videbitur
666 4555 824 4639 expedire,
842 4557 886 4619 ita
897 4557 982 4640 quod
994 4557 1140 4638 predictis
1150 4553 1276 4619 civibus
1286 4553 1531 4619 Edordensibus

1324 4666 1380 4722 22*
