3525 5209
294 404 346 460 588
651 407 926 481 Geschichtsquellen
948 409 996 465 der
1015 409 1235 470 Prousachsen.

293 555 533 622 ecclesiasticam
556 561 762 644 appellatione
783 563 954 646 postposita
974 564 1215 646 compescendo,
1244 565 1387 628 invocato
1409 566 1447 630 ad
1477 567 1545 642 hec,
1572 570 1599 631 si

296 675 376 738 opus
396 657 499 734 luerit,
520 659 638 722 auxilio
661 660 778 723 brachii
801 661 965 740 secularis,
999 681 1061 725 non
1087 662 1238 741 obstante,
1271 664 1297 726 si
1321 663 1483 747 aliquibus
1514 685 1599 729 com·

295 758 435 818 munitet·
458 757 507 820 vel
528 757 655 822 divisim
676 780 693 821 a
715 759 788 823 sede
809 761 978 842 apostolica
1000 761 1159 824 indultum
1182 763 1313 839 existat,
1341 763 1425 845 quod
1446 765 1600 842 interdici,

293 854 444 936 suspendi
474 855 522 920 vel
549 859 817 921 excommunicari
851 859 1058 942 nonpossint
1085 879 1140 942 per
1169 860 1285 923 litteras
1310 861 1507 944 apostolicas,
1535 882 1599 927 non

293 949 443 1016 facientes
469 952 594 1036 plenam
617 960 647 1018 et
679 975 874 1038 expressam,
912 977 949 1019 ac
986 958 1024 1021 de
1056 958 1151 1021 verbo
1182 958 1219 1021 ad
1249 957 1381 1022 verbum
1409 960 1447 1023 de
1475 960 1600 1024 indulto

296 1047 479 1114 huiusmodi
502 1055 703 1117 mentionem.
744 1053 861 1118 Datum
882 1054 983 1119 Rome
1004 1056 1086 1140 apud
1109 1067 1252 1120 sanctum
1275 1055 1404 1120 Petrum
1429 1056 1516 1121 XVI.
1530 1057 1599 1123 Kal.

294 1144 484 1227 Decembris,
511 1151 724 1233 punnilicatns,
739 1154 837 1215 uestri
865 1173 949 1217 anno
971 1156 1110 1238 septimo.

373 1246 447 1310 Post
460 1268 596 1331 qummn
612 1250 785 1315 litterarum
804 1253 1045 1334 apostolicarum
1060 1254 1322 1336 presentationem
1342 1260 1372 1316 et
1389 1257 1597 1338 remptionem

293 1344 1600 1436 luitnobispostmodumpreparteproeonsnlum,consulametopidanornnrtotius-

291 1461 353 1523 que
375 1444 587 1510 nniversitatis
609 1447 682 1512 dicti
704 1450 789 1533 opidi
812 1450 1011 1515 Erfurdensis
1032 1451 1227 1534 expositum,
1256 1450 1340 1532 quod
1364 1450 1435 1515 lieet
1457 1452 1597 1534 prefatus

293 1540 1599 1632 dominusTlronras,eleetnsNimotiensis,indietislitterisapostolicisnominatus,

292 1638 372 1701 eirca
395 1640 634 1722 relaxationem,
656 1648 896 1729 suspensionem
918 1649 1090 1712 antedictas
1113 1646 1160 1710 vel
1183 1646 1277 1722 aliud,
1299 1649 1389 1710 iuxta
1411 1648 1596 1713 mandatnm

293 1739 499 1821 apostolicum
520 1740 581 1803 sibi
601 1742 736 1827 desuper
762 1746 930 1826 traditum,
962 1747 1099 1828 legitime
1131 1747 1333 1828 processisset
1363 1751 1394 1809 et
1426 1749 1599 1812 sententias

292 1842 323 1900 ot
347 1857 512 1919 processus
532 1841 718 1921 antedictas,
740 1862 794 1925 per
815 1846 995 1908 nominatos
1016 1843 1294 1908 reverendissimos
1319 1849 1432 1926 patres,
1452 1843 1599 1910 dominos

293 1934 423 2000 Petrum
454 1937 662 2004 Pertuensem
701 1948 732 2003 et
768 1939 965 2006 Ludovienm
998 1943 1283 2025 arehiepiscopum,
1328 1949 1363 2004 ut
1400 1945 1599 2025 premittitur.

292 2035 423 2098 emissas
444 2045 499 2099 aut
519 2037 713 2117 fulminatas,
734 2041 761 2102 si
783 2060 845 2123 que
865 2048 897 2104 et
918 2043 972 2124 qui
995 2045 1092 2118 erant,
1114 2039 1294 2103 sustulisset
1314 2045 1344 2102 et
1365 2040 1449 2103 aliud
1474 2041 1599 2106 lecisset

292 2137 323 2196 et
345 2133 425 2196 dieta
446 2137 630 2200 auctoritate
651 2137 819 2222 apostolica
839 2141 1058 2221 processisset,
1079 2143 1173 2222 prout
1194 2139 1226 2200 in
1249 2139 1316 2200 suis
1336 2136 1447 2202 litteris
1463 2139 1600 2224 desuper

291 2232 441 2297 confectis
474 2235 530 2298 hec
560 2235 685 2318 plenius
717 2237 927 2317 continentiu,
960 2243 1062 2300 tamen
1097 2235 1242 2298 nonnulli
1274 2236 1378 2299 clerici
1405 2243 1435 2301 et
1465 2237 1535 2302 laici
1568 2247 1599 2303 et

291 2333 454 2411 presertim
479 2332 585 2415 prelati
608 2329 860 2417 indignitatibus
879 2336 1041 2398 constituti
1062 2336 1300 2417 suspensionem
1321 2340 1350 2398 et
1372 2336 1597 2402 relaxationem

292 2427 474 2493 huiusmodi
496 2438 526 2494 et
538 2431 607 2513 alia,
628 2452 684 2516 per
698 2434 818 2498 dictum
836 2435 1000 2498 dominum
1012 2433 1163 2496 Thomam
1174 2432 1307 2496 electum
1320 2433 1402 2496 dicta
1413 2437 1598 2501 anctoritate

291 2528 463 2605 laetanea
486 2529 661 2610 advertunt,
682 2552 757 2612 ymo
777 2533 921 2597 fecerunt
943 2539 971 2595 et
991 2533 1123 2610 faciunt,
1145 2537 1354 2615 procurarunt
1376 2539 1406 2596 et
1428 2543 1598 2616 procurant

292 2645 346 2708 per
376 2646 410 2690 se
441 2626 489 2691 vel
520 2648 574 2711 per
595 2630 688 2709 alios,
720 2632 893 2713 quominus
930 2647 1023 2692 suurn
1059 2627 1199 2692 debitum
1236 2631 1412 2694 sarciantur
1444 2631 1597 2697 effectum.

295 2722 398 2798 Quare
419 2725 512 2789 nobis
535 2747 589 2810 pro
609 2735 697 2811 parte
718 2730 888 2792 eorundem
912 2727 1150 2812 proconsulum,
1172 2727 1355 2808 consulum,
1382 2729 1598 2796 universitatis

291 2828 322 2884 ot
344 2823 550 2906 opidanorum
571 2826 632 2889 fnit
653 2826 815 2889 humiliter
835 2827 1063 2909 supplicatum,
1085 2831 1243 2908 quatenus
1264 2846 1322 2889 nos
1340 2828 1595 2893 iuxtadietarnm

291 2920 465 2985 litterarum
487 2924 727 3006 apostolicarum
764 2924 868 3006 nobis,
894 2931 928 2988 ut
959 2925 1157 3006 premittitur,
1185 2932 1433 3006 presentatarum
1456 2932 1595 2992 tenorem

293 3020 459 3100 procedere
491 3021 703 3104 dignaremur.
755 3024 821 3088 Nos
851 3025 948 3105 igitur
979 3021 1159 3084 Gerlrardus
1189 3023 1372 3106 episcopus,
1402 3026 1539 3089 vicarius
1567 3033 1597 3090 ct

290 3119 721 3200 commissariusantedictus,
742 3122 901 3185 mandatis
922 3120 1100 3203 apostolicis
1124 3119 1154 3181 in
1179 3119 1239 3182 niis
1260 3120 1380 3196 etaliis,
1397 3129 1431 3185 ut
1444 3129 1598 3202 tenemur,

291 3214 417 3279 obedire
447 3223 608 3297 curanteS,
645 3220 682 3283 ad
714 3220 869 3284 dictarum
901 3219 1062 3282 literarum
1102 3217 1343 3300 apostolicarum
1377 3221 1595 3285 executionem

290 3314 456 3397 procedere
486 3317 639 3394 volentes,
671 3338 726 3381 vos
763 3301 953 3381 'rererendos
989 3322 1091 3399 patres
1125 3316 1387 3400 archiepiscopos,
1425 3321 1597 3402 episcopos,

290 3410 419 3475 abbates
445 3421 474 3476 ct
510 3415 587 3478 allos
618 3436 729 3480 omnes
750 3422 781 3480 et
804 3415 948 3498 singulos
974 3415 1143 3498 premissos
1172 3433 1209 3477 ae
1231 3421 1407 3478 vestrorum
1435 3423 1595 3481 eteorum

291 3510 463 3592 quemlibet
483 3518 545 3574 tarn
568 3515 760 3577 coniunctim
780 3534 876 3597 quam
893 3513 1028 3585 divisim,
1052 3511 1236 3575 nominatim
1259 3517 1289 3576 et
1311 3514 1342 3576 iu
1356 3517 1466 3597 specie,
1487 3517 1598 3598 primo,

290 3609 428 3673 secundo
456 3617 487 3673 et
517 3612 607 3674 tertio
631 3613 714 3674 dieta
735 3613 919 3675 auctoritate
945 3609 1114 3694 apostolica
1141 3609 1333 3692 requirimus
1366 3619 1396 3675 et
1429 3633 1598 3677 monemus

291 3707 444 3791 vobisque
465 3716 495 3771 et
516 3729 626 3773 eorum
655 3710 784 3773 cuilibet
811 3711 905 3774 etiam
930 3709 1055 3771 divisim
1084 3709 1115 3769 in
1139 3708 1255 3771 ‘virtute
1284 3717 1391 3773 sancte
1420 3709 1597 3774 obedientie

292 3815 323 3869 ct
353 3805 413 3869 sub
443 3808 650 3890 infrascriptis
683 3810 772 3892 penis
803 3809 943 3871 districte
974 3804 1173 3890 precipiendo
1205 3807 1409 3885 mandamuS,
1438 3814 1597 3892 quatenus

290 3905 395 3967 omnia
416 3915 447 3967 et
469 3905 593 3986 singula
615 3926 671 3989 per
691 3907 809 3970 dictum
830 3907 995 3969 dominum
1011 3905 1161 3968 Theman}
1175 3902 1307 3968 electum
1320 3905 1401 3968 dieta
1413 3907 1597 3970 auctoritate

292 4004 381 4065 circa·
401 4002 500 4066 dictas
527 4004 751 4069 relaxationem
784 4014 815 4069 et
846 4007 1085 4089 suspensionem
1118 4011 1148 4066 et
1177 4004 1238 4066 ulia
1260 4022 1315 4085 per
1340 4023 1412 4067 eum
1443 4004 1525 4067 facta
1548 4004 1595 4068 vel

289 4101 441 4175 ordinata,
463 4107 555 4186 prout
579 4103 610 4165 in
634 4105 735 4187 ipsius
756 4105 865 4168 litteris
888 4105 1022 4186 desuper
1042 4102 1131 4166 factis
1153 4102 1278 4184 plenius
1299 4103 1492 4182 continetur,
1520 4108 1597 4182 rata,

289 4199 381 4262 liuua
402 4206 432 4262 et
451 4207 537 4283 grata
559 4201 725 4266 efficaciter
740 4203 881 4267 habeatis
895 4223 931 4265 ac
949 4221 985 4265 ea
1003 4203 1109 4264 omnia
1131 4206 1159 4264 et
1182 4199 1320 4282 singulo,
1342 4200 1374 4261 in
1391 4201 1466 4284 ipsis
1485 4201 1598 4264 litteris

291 4298 390 4379 ipsius
410 4297 531 4361 domini
551 4299 677 4370 Thomu,
700 4302 844 4384 desuper,
866 4307 900 4364 ut
921 4301 1120 4384 premittitur,
1142 4297 1301 4376 confectis,
1322 4303 1477 4378 contenta,
1498 4299 1597 4381 ipsas·

290 4416 352 4476 quc
375 4395 492 4460 litteras
512 4399 545 4460 in
570 4400 684 4462 restris
705 4399 857 4477 eeclesiis,
877 4397 1073 4476 civitatibus,
1094 4396 1209 4479 opidiS,
1232 4398 1356 4474 castris,
1381 4396 1475 4474 villis,
1497 4397 1599 4474 terris,

289 4491 439 4557 dominiis
460 4501 491 4557 et
512 4495 581 4558 aliis
607 4495 684 4560 locis
713 4497 772 4578 legi
796 4503 827 4560 et
847 4496 1014 4579 publicari,
1042 4494 1168 4579 pacifice
1195 4495 1293 4558 teneri
1318 4501 1348 4557 et
1378 4493 1539 4558 observari
1566 4501 1597 4559 et

290 4591 359 4654 sine
380 4611 583 4676 quacumque
605 4593 838 4678 perturbatione
863 4613 921 4658 seu
942 4594 1167 4681 impedimento
1195 4591 1317 4656 faciatis
1345 4598 1376 4656 et
1400 4593 1596 4676 permittatis,
