3525 5209
499 380 729 435 Urkunrlenbuoh
749 380 798 433 der·
817 381 900 433 stant
920 380 1024 438 Erfurt,
1061 380 1198 438 ILTlreil.
1470 382 1506 437 85

297 528 359 593 Dic
376 529 507 611 Kciufer
526 528 621 593 sollorr
639 530 721 593 auch
742 530 792 592 die
805 530 923 593 Ziuseu
935 530 1017 593 uach
1027 528 1359 611 Belichenvcrlraufen
1369 530 1502 607 Imaum,

295 629 364 691 und
384 628 440 691 der
451 626 547 708 Kout
564 626 622 691 soll
638 628 689 689 er'rr
709 627 819 707 ewiper
831 628 907 704 sein,
929 646 1020 691 worm
1037 627 1119 691 nach
1132 632 1153 693 6
1160 626 1283 691 Jaorea
1293 628 1350 691 der
1367 628 1502 692 ll'icdcr-

295 727 376 806 lrout
396 726 482 789 nicht
502 725 613 806 ertolpl
634 727 683 788 ist.

276 842 419 919 Zurpea:
441 842 566 906 discreti
583 845 640 906 viri
652 842 792 907 lacobus
804 843 977 922 ,Corradus
989 844 1028 907 de
1038 842 1145 924 Hayn,
1155 845 1307 924 magister
1318 843 1504 907 Gotscalcus

189 942 369 1025 Korlinger,
391 943 541 1023 magister
561 940 700 1004 lacobus
721 942 759 1005 de
782 942 974 1025 Avenburg·
999 942 1111 1017 clerici,
1134 940 1298 1003 Corradus
1318 940 1357 1004 de
1371 940 1504 1004 Eelrers-

189 1040 301 1121 beurc,
329 1038 494 1102 Conradus
519 1040 557 1102 de
584 1038 849 1117 Frankenhnsen,
878 1040 975 1123 Hugo
1005 1039 1159 1114 iuvenis,
1188 1039 1309 1122 Appelo
1337 1039 1376 1101 de
1397 1040 1505 1101 Arena

188 1140 278 1201 ciros
301 1136 512 1199 Eriordenses.
554 1135 670 1199 Datum
694 1158 778 1200 anno
799 1136 928 1200 Domini
951 1137 992 1201 ll.
1005 1136 1087 1199 CCC.
1104 1135 1259 1215 XXXll.,
1289 1136 1367 1199 teria
1393 1142 1506 1218 quarta

190 1237 339 1318 proxima
360 1241 429 1317 post
449 1235 639 1297 dominicam
662 1235 944 1299 circumdederunt.

344 1349 419 1417 ner.
432 1348 791 1487 mprffpuuoamr
804 1350 830 1405 e.
841 1354 876 1405 eo
893 1352 931 1404 rm
942 1351 976 1403 n.
987 1352 1022 1407 A.
1059 1350 1306 1417 normanum
1316 1350 1377 1403 au
1389 1350 1503 1419 naue

392 1437 431 1473 tm
614 1466 619 1477 .

342 1491 354 1519 ⁸
374 1490 410 1543 s>
428 1492 458 1543 aa
475 1490 522 1543 cur
540 1490 609 1543 nes.
723 1498 726 1505 ⁴

188 1696 304 1778 1:332.
332 1696 449 1777 nitra
483 1696 546 1777 25.
1411 1700 1500 1779 rot.

293 1833 460 1897 lrlierlrich
481 1852 540 1895 corr
569 1831 743 1908 Wilrlchcrr,
766 1832 876 1909 Rure,
901 1832 986 1895 llcrr
1005 1830 1258 1913 auElpcrsburp,
1279 1832 1383 1913 pcloht,
1407 1832 1501 1897 llaus

297 1932 367 1996 urrd
388 1930 460 2011 llos
475 1932 541 2012 (ruf
555 1931 623 1993 ciem
648 1928 840 2011 Polcrslrorpo
859 1932 1044 2011 arrErfrrrt,
1066 1931 1117 1992 alic
1137 1952 1171 1993 cr
1191 1932 1247 1994 urit
1267 1931 1320 1995 clos
1341 1930 1438 1995 Iulios
1458 1953 1500 1997 au

291 2029 408 2109 la'rtirrt
440 2028 687 2107 Vcrp-iiusir'puup
718 2029 849 2109 pehrrrrlt
879 2028 949 2105 hut,
982 2049 1048 2091 nur
1077 2050 1121 2090 un
1152 2029 1244 2091 cirron
1271 2028 1414 2110 Brimo,
1445 2030 1501 2093 der

290 2125 456 2189 sirirltr'schc
476 2125 592 2188 Lostcu
613 2128 704 2205 lrript,
725 2145 766 2188 au
787 2129 982 2189 cerciusserrr.

345 2242 389 2297 Or.
408 2243 457 2295 mit
475 2242 501 2297 S.
520 2245 557 2295 im
576 2242 639 2310 Kpl.
658 2242 696 2299 St.
716 2244 750 2296 A.
769 2259 804 2296 au
822 2242 862 2295 M.

270 2365 337 2429 Nos
359 2365 537 2429 Fridcricus
557 2366 595 2429 de
608 2364 814 2429 Wiozzleibin
834 2365 938 2444 mileo,
954 2366 1104 2429 dominus
1119 2367 1155 2429 in
1165 2364 1500 2452 Eylgersberg,reoog·

189 2467 354 2528 noscimus
374 2462 497 2546 publico
519 2483 574 2546 per
594 2470 768 2547 presentes,
789 2464 874 2546 quod
895 2465 956 2526 viri
981 2463 1181 2529 honorabiles
1203 2515 1209 2527 .
1229 2517 1236 2530 .
1258 2467 1400 2548 magistri
1426 2487 1498 2530 con-

187 2562 296 2625 sulum
320 2568 350 2625 et
370 2610 396 2623 ..
417 2562 565 2624 consules
586 2582 621 2624 ac
647 2562 836 2625 universitas
856 2563 991 2625 civitatis
1012 2560 1211 2625 Erlordensis
1232 2562 1324 2626 nobis
1346 2563 1499 2627 favorabi-
1553 2598 1555 2601 ⁴

187 2648 259 2723 litor
279 2664 477 2739 urruncrunt,
508 2659 591 2741 quod
622 2660 743 2722 onnam
769 2666 799 2723 et
820 2661 967 2733 domum,
989 2661 1080 2722 sitam
1104 2660 1137 2722 in
1160 2646 1266 2723 incute
1288 2662 1387 2724 sancti
1412 2662 1496 2725 Petri

190 2758 399 2835 Ert'uulcusiS,
418 2777 480 2839 quc
491 2757 551 2819 fuit
562 2758 703 2837 magistri
715 2756 893 2819 Hcrrnouui
904 2758 943 2819 dc
951 2758 1040 2836 Alch,
1058 2758 1140 2840 apud
1159 2759 1297 2822 eundern
1308 2761 1495 2842 magistrum

189 2856 411 2918 llorrnauuunr
437 2874 492 2937 pro
522 2854 632 2936 viginti
661 2859 692 2916 et
713 2862 849 2937 quotuor
877 2856 991 2917 marcis
1015 2856 1087 2937 puri
1108 2858 1229 2935 arpenti
1251 2857 1368 2920 scilicet
1387 2858 1498 2922 solutis

188 2954 391 3035 integraliter,
412 2951 503 3015 nobis
524 2960 554 3015 ot
576 2952 690 3014 nostris
713 2952 881 3015 heredibus
909 2954 1164 3035 comparavimus
1184 2954 1269 3016 iusto
1289 2955 1391 3034 tytulo
1412 2974 1498 3039 ernp-

186 3052 288 3113 cionis
309 3052 353 3112 ita
375 3070 458 3127 sario,
482 3049 576 3131 quoii,
598 3051 623 3111 si
648 3068 706 3111 nos
727 3057 783 3113 aut
798 3052 898 3113 nostri
918 3050 1089 3115 ..heredes
1098 3050 1178 3113 forte
1188 3070 1337 3133 processu
1348 3055 1498 3135 temporis

189 3150 325 3211 veurlcrc
357 3148 591 3211 decreverimus
614 3149 743 3209 domum
774 3154 805 3209 ot
825 3148 946 3210 curium
967 3148 1193 3229 supradictam,
1223 3149 1281 3212 hec
1307 3149 1388 3212 nulli
1409 3151 1496 3215 altori

189 3246 324 3309 renitere
348 3246 497 3307 volumus
521 3264 578 3307 nco
599 3245 746 3323 alienare,
769 3245 828 3307 nisi
850 3246 912 3306 ciri
934 3244 1126 3324 liriordcuai,
1148 3248 1203 3329 qui
1226 3248 1295 3309 iura
1318 3255 1347 3310 ot
1369 3250 1496 3312 servitia

186 3346 280 3407 liu-iat
301 3344 419 3405 civitati
441 3342 633 3406 lutor-densi.
677 3344 725 3404 no
749 3344 807 3405 hoc
829 3362 887 3405 nos
910 3348 1096 3425 nostrosque
1118 3344 1246 3407 heredes
1267 3344 1445 3428 obligamus
1467 3355 1497 3411 et

189 3443 397 3522 astringimus
419 3440 566 3518 fideliter,
591 3442 735 3503 astrictos
756 3445 787 3503 ct
807 3440 962 3523 obligatos
982 3460 1052 3503 esso
1072 3442 1223 3505 volumus
1243 3443 1276 3505 in
1299 3443 1349 3505 his
1370 3446 1496 3527 scriptis

189 3539 332 3622 quolibet
352 3539 420 3599 sinc
442 3537 521 3615 rlolo,
541 3539 651 3600 ‹luntes
673 3540 749 3621 ipsis
767 3542 797 3600 ot
820 3539 940 3601 civitati
962 3538 1143 3601 Erlordonsi
1164 3541 1221 3603 hes
1236 3548 1359 3603 nostras
1377 3542 1496 3605 litteras

185 3638 380 3721 appensione
401 3636 494 3715 sigilli
519 3638 616 3699 nostri
628 3638 840 3699 communitas
856 3636 989 3699 firmiter
1001 3657 1055 3719 pro
1067 3637 1247 3700 testimonio
1259 3640 1494 3720 premissorum.

186 3738 303 3798 Actum
326 3754 410 3796 anuo
432 3732 559 3796 Domini
582 3732 623 3797 M.
636 3734 718 3797 CCC.
733 3732 876 3795 XXXll.
899 3736 932 3796 in
954 3736 1202 3799 annrrnciatione
1214 3736 1412 3799 beocherie
1434 3738 1496 3799 vir·

182 3854 276 3915 gruis.

185 4020 297 4101 13:32.
326 4018 412 4099 lini
438 4021 495 4100 u.
524 4020 750 4101 lllseuoeh.
1128 4032 1132 4039 ’
1401 4022 1490 4105 lile.

286 4158 462 4235 Friedrich,
485 4161 655 4243 latitaturus
677 4180 735 4229 nou
760 4160 942 4239 Tlrr'irirrpeu
965 4165 1027 4236 etc,
1050 4160 1187 4241 lateant,
1207 4161 1283 4222 doss
1303 4180 1337 4222 er
1356 4161 1416 4223 den
1432 4161 1495 4225 Er-

284 4258 388 4336 surtcr
410 4256 560 4337 Biirperu
589 4262 752 4323 (lunthero
782 4262 819 4323 rie
844 4259 1009 4323 lirivordia
1036 4259 1105 4320 urul
1130 4258 1319 4323 Theoderico
1346 4261 1385 4323 de
1413 4260 1494 4357 Her-

289 4354 462 4419 versleiben
491 4362 556 4420 100
578 4356 677 4419 Morh
696 4356 797 4420 Sillrcr
822 4360 986 4420 occasione
1008 4359 1085 4419 varii
1107 4358 1277 4436 volgariter
1303 4358 1377 4428 dicti
1399 4356 1493 4421 bunt-

286 4472 370 4537 werg
406 4462 436 4517 ct
477 4455 607 4537 pellium
641 4474 692 4515 our
728 4454 810 4534 Tupc
841 4453 987 4534 Philippi
1018 4454 1088 4516 und
1122 4453 1232 4517 Jacobi
1269 4472 1311 4517 aar
1349 4454 1493 4518 lachim

284 4550 426 4631 srlurldr'p
445 4551 496 4613 sci.
544 4551 603 4613 Ars
615 4552 745 4632 Blirpcu
769 4551 848 4614 siclll
871 4573 904 4613 cr
922 4551 1071 4615 dicsclbeo
1094 4551 1221 4632 Grafcrr
1240 4562 1493 4632 (ausqmommerr
