3525 5209
477 407 708 477 'Urhundenbuch
719 407 774 478 ¹der
792 408 876 478 stadt
893 409 1000 478 Erfurt
1037 409 1076 478 ῘῙ.
1089 411 1175 478 Theti.
1428 412 1480 477 433

177 559 292 653 leel.
320 571 509 656 dktober
535 572 597 654 hl.
625 572 836 675 hvlgnon.
1387 575 1476 657 574.

279 705 378 787 Popsf
406 706 510 773 Urbate
541 708 575 774 V.
597 709 716 791 forderf
736 709 787 773 die
806 709 900 776 saur
920 709 1039 790 Erfnrf
1058 653 1222 789 casselen
1244 707 1421 790 lnqrrisitor
1438 729 1480 774 ru

152 870 156 878 ,
273 809 495 871 antestitem.

325 923 454 992 serant,
475 924 578 995 repen.
595 901 733 981 taenea.
744 925 922 994 namen,
941 925 991 982 nc.
1010 924 1038 980 s.
1049 929 1108 979 175.

258 1025 405 1092 Urbanus
426 1030 606 1118 episcopus,
627 1049 740 1095 servus
762 1049 926 1094 servorum
946 1029 1020 1110 Dei,
1041 1030 1163 1094 dilectis
1185 1030 1261 1094 filiis
1281 1032 1481 1095 universitati

176 1125 260 1209 opidi
274 1125 474 1191 Erfordensis
487 1127 671 1210 Magantine
693 1130 769 1193 dioc.
791 1129 926 1193 salutem
946 1135 977 1192 et
997 1129 1199 1213 apostolicam
1221 1129 1482 1193 benedictionem.

176 1224 227 1286 nd
244 1225 462 1308 extirpandum
479 1227 662 1310 pravitatem
683 1227 893 1292 hereticorum
904 1228 943 1292 de
954 1245 1034 1312 pura
1044 1247 1150 1292 massa
1161 1227 1304 1291 fidelium
1314 1227 1483 1312 apostolice

179 1320 388 1388 solicitudinis
417 1323 529 1388 studiis
557 1325 770 1396 intendentes,
802 1346 905 1410 nuper
931 1325 1165 1390 venerabilibus
1189 1324 1340 1390 fratribus
1367 1327 1484 1388 nostris

176 1418 311 1485 Iohanni
322 1424 487 1504 Argentin.
504 1429 535 1486 et
545 1421 679 1487 Iohanni
692 1423 930 1491 Hildensemen.
952 1426 1106 1510 episcopis
1117 1426 1263 1490 dedimus
1282 1445 1339 1510 per
1358 1430 1484 1488 nostras

179 1519 298 1609 litteren
314 1523 348 1585 in
364 1522 533 1601 mandatis,
553 1526 587 1586 ut
607 1525 640 1586 in
663 1522 805 1607 partibus
817 1524 1016 1605 Alamannie,
1036 1525 1068 1588 in
1092 1522 1209 1608 quibus
1231 1523 1337 1607 alique
1357 1523 1484 1588 hereses

177 1618 389 1687 insurrexisse
411 1620 575 1701 dicuntur,
596 1628 732 1705 quatuor
746 1621 951 1705 inquisitores
969 1623 1132 1706 pravitatis
1153 1621 1294 1687 eiusdem
1315 1622 1355 1686 de
1374 1621 1485 1684 ordine

174 1715 308 1781 fratrum
328 1717 565 1782 Predieatorum
592 1720 776 1784 auctoritate
802 1721 972 1805 apostolica
992 1721 1193 1804 deputarent,
1222 1718 1353 1784 cuilibet
1372 1739 1484 1784 eorum

177 1815 270 1880 certis
297 1817 479 1881 civitatibus
505 1823 536 1880 et
563 1817 642 1881 dioc.
666 1818 842 1902 specialiter
863 1818 1028 1902 deputatis.
1071 1815 1226 1894 Quocirca
1245 1819 1485 1884 universitatem

177 1919 314 1977 vestram
346 1916 539 2000 requirimus
570 1922 601 1979 et
629 1916 794 1980 hortamur
821 1921 956 1996 attente,
975 1936 1031 2000 per
1057 1916 1227 2000 apostolica
1253 1915 1344 1980 vobis
1370 1917 1485 2000 scripta

177 2012 376 2096 mandantes,
406 2016 557 2098 quatinus
578 2015 759 2096 inquisitori
783 2015 865 2078 dicte
886 2016 1065 2097 pravitatis,
1092 2016 1148 2099 qui
1169 2033 1225 2098 per
1245 2014 1380 2098 prefatos
1403 2015 1485 2097 epis-

177 2129 271 2192 copos
300 2111 332 2174 in
356 2118 460 2176 vestro
490 2111 582 2196 opido
610 2112 706 2176 fuerit
726 2112 910 2196 deputatae,
938 2133 1010 2176 curu
1034 2133 1091 2176 vos
1111 2113 1306 2196 requisierit,
1333 2118 1485 2195 tanquam

177 2207 328 2272 zelatores
343 2208 513 2274 christiane
530 2209 611 2289 fidei,
630 2228 686 2293 per
710 2231 803 2288 quam
826 2230 901 2274 cum
923 2210 1016 2273 bonis
1036 2210 1185 2294 operibus
1206 2211 1282 2275 estis
1302 2210 1486 2273 salvationis

176 2307 310 2388 gratiam
339 2309 510 2392 recepturi,
536 2307 689 2372 adversus
718 2306 875 2392 quoslibet
901 2307 1055 2372 hereticos
1083 2328 1141 2372 seu
1170 2307 1209 2372 de
1230 2307 1313 2372 dicta
1333 2309 1486 2391 pravitate

178 2408 340 2487 suspectos
356 2407 509 2490 promptis
526 2405 689 2470 favoribus
705 2413 736 2469 et
754 2407 883 2470 auxiliis
899 2407 1061 2484 assistatis,
1081 2405 1198 2469 exinde
1214 2405 1342 2470 honoris
1352 2405 1486 2488 gloriam
1582 2477 1588 2486 ,

178 2521 214 2565 ac
243 2509 383 2568 nostram
411 2509 441 2568 et
469 2505 636 2588 apostolice
661 2504 745 2568 sedis
770 2507 905 2590 gratiam
931 2510 963 2568 et
988 2503 1232 2568 benivolentiam
1258 2502 1431 2586 aDeoque
1451 2503 1486 2566 in

178 2601 362 2666 extimabile
389 2595 546 2686 premium
572 2603 735 2687 recepturi.
788 2602 905 2667 Datum
933 2604 1093 2666 Arinione
1114 2601 1172 2667 XI.
1195 2600 1265 2667 Kal.
1287 2599 1487 2680 Novembris,

178 2699 379 2783 pontificatus
400 2703 500 2764 nostri
522 2721 605 2782 anno
628 2701 774 2766 secundo.

184 2871 298 2955 1364.
1397 2873 1486 2956 575.

278 2961 344 3072 Des
363 3007 461 3075 Rotas
479 3030 522 3076 aar
542 3012 661 3093 Erfmf
678 3011 993 3092 Larmoadsaaqais
1011 3011 1070 3093 fair
1088 3011 1140 3074 dic
1153 3009 1331 3074 Minoritcn
1343 3009 1485 3074 dmelbsf.

330 3126 499 3182 (rt-Minora
516 3128 723 3184 Faesulanum
740 3129 779 3184 im
797 3128 833 3183 E.
844 3129 880 3183 A.

259 3231 474 3298 Prudentibus
507 3241 538 3297 et
569 3233 724 3316 legalibus
753 3235 829 3296 viris
858 3235 1017 3316 magistris
1046 3233 1214 3297 consulum
1243 3238 1275 3298 et
1298 3232 1486 3297 consulibus

179 3331 210 3392 in
231 3377 315 3398 .....
320 3331 331 3374 ¹
353 3349 476 3394 necnon
504 3331 670 3411 omnibus,
697 3332 735 3395 ad
763 3351 844 3415 qnos
873 3350 1004 3414 presens
1024 3332 1177 3414 scriptum
1198 3333 1390 3414 pervenerit,
1418 3351 1484 3394 ma*

178 3429 267 3510 gistri
293 3429 461 3492 consulum
489 3437 520 3494 et
546 3430 694 3494 consules
723 3428 931 3493 Erfordenses
954 3448 989 3492 se
1016 3429 1055 3492 ad
1077 3430 1190 3512 quevis
1211 3448 1271 3492 sua
1290 3429 1487 3512 beneplacita

180 3525 343 3591 benivolos
363 3533 394 3590 et
414 3533 545 3610 paratos.
588 3527 668 3591 (lum
695 3527 777 3591 bone
805 3529 850 3591 rei
873 3533 906 3590 et
925 3525 1083 3590 laudabile
1103 3526 1339 3611 comprobetur,
1359 3528 1485 3590 veritati

180 3627 397 3689 testimoninm
430 3625 608 3708 perhibere,
639 3631 676 3690 ut
706 3645 746 3690 ex
776 3626 835 3689 hoc
865 3625 986 3689 falsitas
1010 3632 1041 3689 et
1067 3627 1170 3709 ipsius
1188 3624 1391 3689 fabricatores
1412 3644 1487 3688 con·

179 3723 305 3787 fusione
326 3723 498 3788 damnabili
518 3725 734 3804 confutentur,
754 3725 828 3787 hinc
850 3729 908 3802 est,
929 3724 1013 3806 qnod
1035 3729 1173 3788 vestram
1195 3724 1396 3806 sagacitatem
1417 3741 1487 3805 pre-

181 3821 324 3885 sentibus
345 3823 463 3887 nostris
484 3823 582 3886 literis
603 3823 684 3886 scire
704 3821 898 3901 affectamus,
920 3821 1004 3905 quod
1026 3840 1066 3885 ex
1085 3819 1256 3904 quemlosa
1265 3821 1486 3903 religiosorum

178 3919 344 4000 guardiani
361 3925 392 3984 et
403 3919 528 3984 lectoris
538 3919 671 3983 hotrum
694 3918 855 3982 Minorum
877 3918 961 4002 apud
976 3939 1036 3982 nos
1055 3919 1237 4000 degentium
1258 3919 1487 4000 conquestione

179 4015 217 4078 ad
252 4024 397 4081 nostrum
432 4017 596 4083 devenerit
627 4018 787 4098 auditum,
826 4017 985 4100 quomodo
1014 4015 1056 4080 de
1091 4015 1281 4099 quibusdam
1310 4014 1487 4098 nephandis

179 4113 318 4189 actibus,
350 4115 389 4179 de
414 4116 633 4180 interfectione
662 4115 806 4178 videlieet
838 4121 995 4178 nocturna
1019 4114 1186 4178 cuiusdam
1217 4115 1315 4176 nostri
1345 4111 1488 4175 concivis

180 4214 370 4294 prepotentis
401 4221 431 4278 et
457 4215 564 4278 divitis
590 4233 626 4278 ac
654 4233 785 4277 suorum
814 4213 1017 4277 familiarium
1047 4213 1131 4296 apud
1161 4231 1217 4274 vos
1245 4218 1277 4274 et
1301 4207 1487 4275 huiusmodi

180 4309 327 4372 maleficii
353 4311 515 4375 occasione
544 4312 627 4395 apud
657 4331 715 4374 nos
743 4310 928 4392 deprehensi
955 4316 986 4373 et
1012 4312 1111 4374 necati
1134 4309 1300 4373 cuiusdam
1322 4307 1419 4371 emuli
1440 4307 1488 4388 ip-

180 4424 287 4470 sorum
308 4408 461 4472 relatione
480 4409 695 4472 dinoscantur.
740 4406 858 4470 Verum
880 4427 951 4470 corn
970 4406 1003 4469 id
1024 4408 1056 4470 in
1072 4407 1228 4470 dictorum
1241 4407 1375 4470 fratrum
1390 4411 1422 4467 et
1435 4404 1487 4466 sni

180 4503 300 4568 ordinis
321 4507 515 4590 vituperium
536 4526 674 4587 enorme,
695 4505 906 4588 preiudicium
922 4512 953 4567 et
968 4505 1119 4585 grandem
1137 4505 1300 4568 infamiam
1315 4501 1488 4566 confictum

178 4603 307 4666 omnino
333 4609 382 4668 est
408 4611 440 4669 et
466 4607 612 4689 nequiter
638 4605 867 4688 excogitatum,
897 4622 934 4666 eo
955 4603 1040 4685 quod
1064 4603 1139 4666 dicti
1159 4602 1270 4665 hahes
1292 4607 1328 4664 ut
1346 4598 1437 4684 probi
1457 4606 1487 4662 et

227 4709 377 4761 mansee
388 4711 410 4753 a
420 4711 457 4753 rr.
468 4711 490 4752 s
506 4711 582 4752 nea
592 4711 669 4752 xxiv.
685 4713 705 4752 a.
1299 4711 1336 4766 28
1363 4717 1368 4725 ·
