3525 5209
478 407 705 471 Uritunricnbuch
723 411 772 468 der
790 412 874 470 St-adt
893 411 999 470 Erfurt.
1037 413 1075 476 ΙΙ,
1088 411 1175 475 Theil
1427 421 1479 480 589

171 585 230 629 nec
258 565 358 629 dictos
384 567 605 650 proconsuleS,
634 567 781 630 consules
812 574 843 630 et
873 569 1025 651 opidanos
1060 569 1132 632 dicti
1164 571 1248 654 opidi
1278 571 1479 638 Erfordensis

173 665 294 726 ratione
315 664 469 728 dictarum
492 667 719 728 sententiarum
743 674 773 728 et
795 686 1016 749 processuum,
1046 673 1080 732 ut
1108 671 1312 752 premittitur,
1342 671 1476 736 latarum

172 781 230 826 seu
258 762 498 825 fulminatorum
531 763 668 846 amplius
696 765 727 826 io
764 764 881 827 (lirinis
911 783 968 828 seu
994 766 1054 829 alia
1081 765 1222 830 fidelium
1252 769 1478 833 communione

173 862 277 924 vitetis
305 881 361 924 seu
390 861 429 924 ab
459 863 529 923 aliis
559 863 651 924 vitari
684 862 804 925 faciatis
832 868 888 925 aut
911 865 1083 946 procuretis
1110 883 1166 928 son
1189 868 1389 949 permutatio,
1423 869 1475 932 sed

171 979 246 1039 ynro
276 961 352 1042 ipsis
380 961 412 1022 in
441 961 558 1024 eisdem
582 960 698 1022 divinis
727 966 758 1023 ct
785 962 1010 1024 communione
1035 961 1175 1025 fidelium
1199 971 1229 1026 et
1255 964 1324 1026 aliis
1346 966 1477 1048 quibus-

171 1076 299 1140 cunque
320 1056 613 1140 participationibus
634 1067 797 1141 tamquam
821 1058 912 1122 bouis
934 1057 1048 1122 Christi
1070 1057 1216 1124 fidelibus
1237 1059 1477 1127 communicetis

171 1162 202 1218 et
221 1157 411 1238 participetis
432 1162 463 1218 ct
484 1155 522 1218 ab
544 1157 614 1219 aliis
635 1157 864 1219 communicari
886 1163 917 1220 et
937 1157 1128 1241 participari,
1155 1165 1310 1241 quantum
1331 1162 1364 1223 in
1388 1161 1477 1224 robis

172 1260 234 1333 est,
262 1254 397 1333 faciatis,
420 1272 477 1316 uec
503 1255 779 1337 impedimentum,
807 1273 933 1318 causam
962 1256 1010 1319 vel
1043 1259 1237 1319 occasionem
1266 1277 1321 1341 per·
1352 1279 1408 1322 ros
1429 1261 1476 1323 rel

173 1351 272 1414 alium
295 1371 349 1414 seu
373 1352 451 1414 aiios
472 1352 597 1434 publice
619 1353 668 1415 vol
690 1354 826 1432 occulte,
852 1353 968 1416 dirccto
989 1355 1037 1416 vel
1065 1354 1226 1432 indirecte,
1255 1361 1397 1438 prestetis
1423 1365 1478 1421 aut

174 1455 314 1532 prestare.
352 1451 472 1512 faciatis
508 1450 554 1512 vel
586 1450 653 1513 fieri
685 1453 873 1534 permittatis
909 1453 940 1514 iu
976 1454 1137 1534 premissis
1173 1453 1218 1515 vel
1251 1457 1476 1536 premissorum

172 1548 294 1630 aliquo,
321 1550 494 1630 quornious
527 1550 634 1610 omnia
663 1555 694 1611 ot
721 1549 847 1631 singula
875 1569 930 1631 per
958 1550 1112 1632 prelatum
1134 1550 1297 1614 dominum
1326 1551 1475 1617 'llromam

172 1645 255 1708 dicta
294 1649 480 1709 auctoritate
514 1648 596 1708 facta
629 1655 661 1708 et
690 1646 751 1708 alia
785 1649 815 1708 io
846 1647 938 1709 dictis
963 1649 1031 1709 suis
1067 1649 1177 1710 litteris
1205 1658 1352 1713 contenta
1381 1671 1475 1714 suum

175 1745 347 1807 sortiantur
367 1744 528 1822 effectam,
552 1743 691 1826 dictique
715 1746 932 1826 proconsules,
959 1745 1106 1808 consules
1134 1753 1164 1808 ct
1192 1747 1317 1829 opidani
1340 1752 1425 1812 omni
1447 1757 1477 1812 et

172 1861 365 1925 quecunque
386 1843 623 1925 participatione
644 1841 760 1905 Christi
782 1842 923 1904 fidelium
947 1843 1044 1905 libere
1065 1845 1111 1905 uti
1136 1843 1261 1907 valeant
1281 1852 1312 1908 et
1329 1846 1477 1928 gaudere,

175 1960 238 2002 non
259 1940 402 2002 obstante
423 1960 614 2023 quacunque
637 1939 828 2002 inhibicioac
847 1959 904 2004 seu
926 1939 1136 2023 prohibitione
1158 1961 1212 2024 pcr·
1235 1962 1290 2005 vos
1311 1945 1475 2008 dominum

174 2037 377 2100 Ludowicum
407 2040 674 2122 arclriepisoopunr
699 2058 754 2101 seu
785 2040 882 2100 alium
906 2039 955 2102 vel
978 2039 1069 2120 alios,
1090 2045 1311 2124 qrrantnrnque
1336 2063 1478 2124 quaeun-

172 2156 235 2219 que
255 2139 440 2200 auctoritate
461 2139 613 2200 hacteuus
640 2138 721 2200 fucta
742 2137 790 2199 vel
820 2139 853 2200 in
881 2145 1040 2220 posterum
1062 2139 1212 2202 facienda.
1255 2138 1346 2214 Quod
1373 2143 1397 2203 si
1423 2163 1477 2206 vos

172 2234 300 2317 predicti
323 2235 373 2297 vel
391 2235 508 2318 aliquis
527 2244 666 2298 vestrum
690 2242 743 2297 aut
763 2236 949 2318 ‹pricuuque
970 2236 1055 2316 alter,
1076 2238 1478 2320 cuiuscunquedignitatis,

174 2338 284 2412 status,
304 2332 431 2413 gradus
449 2333 638 2396 conditionis
652 2333 701 2396 rel
720 2335 946 2416 praeminentis
962 2336 1165 2398 existantseu
1178 2337 1303 2418 existat,
1326 2340 1477 2420 premissa

176 2451 236 2493 non
259 2432 397 2494 feceritis
419 2438 448 2494 ct
473 2432 630 2494 renudatis
656 2435 772 2496 nostris
793 2453 902 2513 ymmo
929 2435 1034 2495 verius
1058 2435 1238 2516 apostolicis
1261 2435 1292 2496 iu
1316 2435 1373 2498 hac
1393 2443 1478 2519 parto

173 2548 235 2591 noo
260 2530 426 2612 parueritis
446 2549 518 2592 cunr
542 2529 654 2593 effectu
676 2538 732 2595 aut
757 2533 949 2594 contrarium
972 2531 1107 2595 feceritis
1132 2539 1162 2594 et
1188 2531 1226 2594 ab
1254 2533 1477 2616 impedimento

173 2645 228 2688 sou
253 2629 484 2708 impedimentis
505 2636 536 2691 et
558 2629 772 2692 inobedientes
795 2630 977 2692 huiusmodi
1008 2629 1085 2691 intra
1112 2648 1166 2691 sex
1190 2631 1310 2694 dierum
1334 2633 1475 2715 spacium

172 2733 243 2809 post
261 2725 503 2790 notificationem
520 2728 723 2809 presentium,
744 2727 833 2789 vohis
857 2727 904 2788 vel
918 2727 1005 2789 alteri
1022 2734 1159 2790 vestnuu
1172 2729 1294 2809 fac-tarn,
1309 2730 1478 2796 inmediatc

171 2827 382 2906 sequentium,
404 2843 540 2906 quorum
563 2827 686 2887 dierum
708 2825 788 2888 duos
809 2845 864 2907 pro
877 2827 988 2908 primo,
1010 2824 1091 2888 duos
1107 2826 1318 2908 prosecundo,
1340 2828 1478 2910 reliquos

172 2943 245 2986 vcro
267 2925 347 2986 duos
369 2925 436 2986 dics
458 2943 513 3008 pro
536 2925 625 2986 tertio
645 2931 675 2985 et
696 2925 904 3005 peremptorio
926 2925 1060 2985 termino
1077 2943 1112 2986 ac
1137 2925 1313 2986 aronio-ione
1327 2927 1478 2989 canonica

173 3028 311 3105 preterea
354 3023 443 3084 vobis
484 3033 514 3085 et
546 3021 615 3084 aliis
647 3021 796 3083 omnibus
827 3028 857 3082 et
892 3021 1026 3104 siugulis
1061 3023 1236 3104 premissis,
1279 3023 1477 3105 presentibus

170 3121 384 3202 assignamus,
417 3140 479 3182 non
511 3120 694 3182 desisteritis
726 3127 757 3181 et
783 3122 1004 3181 revocaveritis
1035 3121 1133 3181 eciam
1166 3139 1238 3182 cum
1271 3121 1396 3198 ell'ectu,
1423 3128 1478 3184 aut

172 3219 278 3282 omnia
299 3225 330 3281 et
351 3218 477 3301 singula
506 3237 561 3301 per
588 3218 706 3280 dictum
735 3217 899 3280 dominum
921 3217 1087 3294 'thoma-m,
1115 3225 1149 3279 ut
1171 3219 1373 3300 premittitur,
1396 3219 1477 3282 dicta

171 3319 356 3381 auctoritate
394 3317 562 3401 apostolica
600 3319 681 3379 facta
721 3323 752 3378 et
782 3315 924 3378 ordinata
963 3335 1056 3378 suum
1094 3315 1239 3379 effectum
1273 3318 1374 3379 sortiri
1413 3337 1477 3380 non

171 3415 377 3498 permiseritis
398 3422 453 3478 aut
480 3434 621 3498 operam,
650 3433 777 3477 causam
799 3414 846 3476 vel
869 3416 1063 3477 occasionem
1086 3414 1125 3476 ad
1154 3415 1211 3476 hoc
1243 3415 1389 3478 dederitis
1421 3435 1477 3478 seu

170 3513 305 3578 feceritis
333 3533 389 3598 per
411 3533 469 3576 vos
498 3513 550 3575 vel
575 3513 673 3576 alium
701 3512 827 3595 publice
854 3512 904 3575 rel
932 3512 1069 3588 occulte,
1098 3513 1213 3575 directe
1243 3513 1290 3575 vei
1319 3513 1477 3594 indirecte,

170 3613 343 3695 quominus
364 3612 464 3674 littere
485 3611 654 3695 apostolico
674 3617 705 3673 ct
725 3629 892 3693 processus
914 3610 1023 3693 prefati
1037 3608 1154 3672 'l'hornc
1181 3617 1210 3673 et
1232 3610 1357 3691 singula
1379 3612 1413 3673 in
1429 3613 1474 3674 eis

170 3716 326 3788 contenta,
345 3711 506 3790 presertim
531 3711 614 3772 circa
624 3710 863 3792 suspensionem
887 3714 917 3772 et
936 3708 1161 3771 relaxationem
1179 3709 1351 3772 antedictas
1371 3709 1476 3773 habite

170 3815 200 3872 et
229 3807 339 3887 habiti,
371 3827 465 3871 suum
495 3808 636 3871 debitum
658 3807 804 3870 effectum
833 3826 888 3890 per
913 3807 1020 3868 omnia
1043 3808 1227 3886 sortiantur,
1257 3813 1287 3870 et
1321 3807 1476 3871 mandatis

171 3908 286 3970 nostris
310 3927 418 3987 ymmo
447 3926 521 3969 vero
546 3905 725 3989 apostolicis
745 3924 809 3966 non
839 3906 1019 3988 parueritis
1049 3906 1086 3994 iu
1114 3924 1170 3968 vos
1201 3923 1311 3968 omnes
1342 3906 1420 3968 alios
1446 3911 1476 3969 et

172 4005 315 4088 singulos
336 4006 506 4088 premissos
527 4010 558 4067 et
578 4003 751 4087 quemlibet
774 4015 925 4083 vestrum,
948 4004 1002 4085 qui
1025 4003 1057 4064 io
1081 4004 1138 4065 hoo
1159 4001 1324 4085 culpabilis
1335 4009 1477 4087 repertus

170 4104 275 4180 fuerit,
296 4102 377 4166 dicta
399 4103 481 4166 trina
502 4103 674 4166 monitione
694 4103 855 4185 premissa,
877 4102 910 4163 in
932 4101 993 4164 hiis
1005 4101 1129 4184 scriptis
1140 4103 1477 4186 excommunicationis
1538 4141 1541 4148 «

170 4203 204 4264 irr
236 4201 374 4284 capitula
405 4200 607 4264 ecclesiarum
639 4206 829 4279 vestrarum,
860 4201 1078 4283 suspensionis
1112 4202 1146 4262 ia
1178 4200 1326 4264 ecclesias
1357 4207 1476 4265 vestras

169 4318 294 4363 necnon
317 4299 350 4362 in
371 4299 453 4379 loca,
485 4299 663 4377 districtus,
694 4300 862 4374 territoria,
892 4299 1047 4379 civitates,
1077 4298 1169 4380 opida
1198 4303 1228 4360 ct
1257 4299 1476 4362 universitates

171 4397 327 4462 interdicti
348 4400 521 4462 sententias
540 4398 623 4461 dicta
644 4399 828 4461 auctoritate
850 4397 1020 4481 apostolica
1041 4396 1172 4459 ferimus
1188 4401 1219 4459 et
1229 4398 1475 4479 promulgamus

173 4495 271 4560 Vobis
291 4515 362 4559 vero
373 4496 552 4560 reverendis
563 4496 852 4579 patribus,dominis
863 4495 1104 4577 archiepiscopis
1114 4500 1144 4558 et
1156 4495 1310 4578 episcopis
1321 4495 1478 4578 predictis,

171 4593 289 4678 quibus
310 4594 347 4658 ad
372 4596 579 4658 reverentiam
603 4600 778 4658 vestrarum
800 4593 1027 4677 pontificalium
1045 4593 1233 4675 dignitatum
1256 4594 1287 4654 in
1311 4593 1369 4656 hac
1390 4599 1477 4676 parte
