3525 5209
263 382 315 437 810
626 382 902 454 Gescbichtsquellen
920 383 970 439 der
987 383 1068 439 Prov.
1078 384 1208 440 Sachsen.

265 530 436 606 Wilhelmi,
462 535 653 598 marchionis
674 533 855 613 Miscensis,
876 534 1030 618 proscribi
1050 535 1166 598 fecerat
1186 540 1218 598 et
1237 541 1447 619 supposuerat
1461 535 1575 599 banno

264 633 433 715 imperiali,
443 634 592 716 ipsosque
604 635 840 697 universitatem
854 634 1034 696 huiusmodi
1047 632 1154 696 banno
1164 635 1354 716 proscriptos
1363 634 1575 698 mandaverat

265 736 296 793 et
316 731 432 793 fecerat
453 731 596 794 similiter
609 731 647 794 de
657 731 739 794 facto
748 730 874 814 publice
887 732 1032 794 nunciari
1043 733 1076 793 in
1088 749 1185 812 grave
1196 733 1337 812 ipsorum
1353 734 1574 796 univcrsitatis

266 828 476 909 preludicium
506 835 537 893 et
564 850 750 910 gravamen,
779 836 810 893 et
840 849 897 913 pro
927 836 1014 911 parte
1044 829 1217 892 eorundem
1240 830 1455 893 universitatis
1476 830 1573 893 nobis

267 926 430 990 humiliter
449 929 632 1011 supplicato,
653 934 689 990 ut
699 929 777 1011 ipsis
785 947 881 1010 super
895 927 955 990 hoc
967 927 1132 1010 providere
1143 927 1183 990 de
1196 927 1390 1008 benignitate
1400 929 1575 1011 apostolica

155 1073 158 1082 ,
267 1025 484 1107 dignaremur,
517 1044 575 1088 nos
605 1025 777 1088 venerabili
805 1026 893 1087 fratri
922 1031 1043 1104 nostro,
1069 1025 1301 1107 archiepiscopo
1323 1024 1573 1109 Maguntinensi,

265 1123 381 1186 nostris
411 1123 556 1186 dedimus
582 1124 694 1187 litteris
715 1125 749 1187 in
770 1124 937 1201 mandatis,
957 1131 994 1186 ut
1014 1125 1053 1186 de
1072 1125 1235 1205 premissis
1256 1124 1441 1186 auctoritate
1461 1132 1574 1187 nostra

263 1223 451 1298 summarie,
485 1222 668 1304 simpliciter
698 1227 728 1284 et
749 1221 787 1283 de
809 1220 903 1302 plano
924 1240 961 1283 ac
982 1222 1051 1284 sine
1072 1222 1205 1304 strepitu
1226 1228 1258 1284 et
1279 1221 1385 1302 figura
1404 1221 1514 1284 iudicii
1535 1242 1572 1286 se

270 1317 467 1398 informaret,
498 1327 529 1383 et
560 1321 587 1382 si
621 1339 677 1402 per
708 1320 966 1382 informacionem
998 1316 1184 1382 huiusmodi
1220 1319 1406 1401 repperiret,
1430 1321 1474 1382 ita
1493 1338 1576 1400 esse,

264 1417 407 1480 bannum
429 1424 460 1480 et
480 1419 740 1501 proscriptionem
753 1417 939 1480 huiusmodi
950 1423 980 1480 et
992 1435 1184 1499 quecunque
1196 1416 1270 1480 inde
1280 1423 1390 1479 secuta
1405 1422 1572 1499 tamquam

264 1514 405 1578 invalida
426 1521 457 1579 et
478 1515 516 1578 de
537 1515 617 1578 facto
636 1520 818 1598 presumpta
838 1520 999 1578 revocaret
1019 1520 1050 1577 et
1066 1515 1242 1595 annularet,
1252 1515 1402 1597 ipsosque
1413 1516 1574 1578 universi·

262 1617 359 1676 tatem
390 1619 446 1676 aut
473 1613 613 1695 aliquam
644 1613 837 1694 singularem
866 1631 1034 1695 personam
1065 1631 1106 1675 ex
1133 1612 1252 1676 eisdem
1277 1617 1443 1696 propterea
1462 1631 1572 1695 penas,

264 1710 411 1790 mulctas,
432 1713 605 1774 sententias
626 1729 683 1774 sen
703 1711 850 1774 infamias
872 1710 996 1792 aliquas
1016 1711 1148 1773 minime
1166 1711 1349 1788 incurrisse,
1368 1709 1423 1772 nbi
1439 1711 1571 1792 quando

263 1813 294 1871 et
325 1809 478 1890 quociens
505 1807 666 1890 expediret
691 1810 875 1872 auctoritate
902 1807 1040 1890 predicta
1063 1808 1303 1891 pronunciaret,
1335 1807 1517 1871 decerneret
1537 1814 1572 1872 et

271 1906 453 1984 declararet,
478 1925 515 1969 ac
536 1906 761 1970 nichilominus
783 1906 925 1969 bannum
947 1913 977 1970 et
992 1907 1250 1989 proscriptionem
1262 1905 1446 1968 huiusmodi
1460 1907 1572 1968 eadem

265 2005 451 2067 auctoritate
479 2003 634 2067 relaxaret
662 2010 694 2068 et
721 2005 847 2068 eosdem
871 2006 1125 2082 universitatem,
1146 2002 1266 2066 incolas
1286 2008 1318 2066 et
1338 2002 1529 2066 habitatores
1550 2025 1573 2067 a

264 2102 433 2164 sentenciis
444 2106 475 2164 et
488 2103 588 2185 penis,
603 2103 718 2184 siquas
731 2107 857 2184 propter
869 2103 1024 2183 premissa
1033 2103 1251 2178 incurrissent
1260 2101 1371 2164 eadem
1383 2101 1571 2164 auctoritate

262 2198 440 2262 absolveret
467 2200 560 2261 acin
592 2199 751 2282 integrum
780 2203 811 2262 et
841 2204 959 2262 statum
988 2199 1159 2282 pristinum
1190 2200 1356 2261 restituere
1376 2206 1571 2280 procuraret,

262 2314 322 2359 nec
343 2297 544 2378 permitteret,
565 2296 692 2360 eosdem
713 2296 752 2359 ab
774 2295 936 2378 aliquibus
956 2295 1140 2359 huiusmodi
1151 2295 1250 2358 banni
1261 2312 1318 2358 seu
1328 2296 1571 2378 proscriptionis

262 2399 408 2476 pretextu
437 2392 675 2476 quomodolibet
700 2393 873 2474 molestari,
894 2399 951 2457 aut
971 2395 1017 2456 eis
1038 2393 1154 2456 damna
1174 2390 1226 2455 vel
1245 2391 1407 2456 molestias
1426 2394 1572 2475 irrogari,

262 2495 356 2574 prout
375 2493 410 2554 in
430 2492 508 2574 ipsis
527 2491 640 2554 litteris
659 2491 784 2573 plenius
804 2493 992 2554 continetur.
1034 2491 1115 2555 (lum
1136 2495 1251 2570 autem,
1265 2489 1349 2553 sicut
1362 2490 1454 2554 nobis
1465 2509 1571 2574 nuper

262 2609 318 2672 pro
348 2593 436 2672 parte
457 2589 532 2651 dicti
553 2591 637 2672 regis
657 2589 762 2652 extitit
782 2589 979 2668 intimatum,
1000 2588 1084 2671 qnod
1110 2587 1293 2652 huiusmodi
1313 2605 1409 2652 cause
1429 2590 1569 2670 cognitio

263 2687 302 2749 ad
333 2688 437 2768 ipsum
469 2705 574 2770 regern
607 2687 760 2769 imperiali
792 2687 862 2749 iure
891 2687 1046 2767 pertineat
1075 2691 1107 2748 et
1135 2705 1194 2749 rex
1222 2687 1292 2770 ipse
1323 2687 1358 2749 in
1387 2686 1568 2751 exhibendo

260 2785 419 2848 iusticiam
447 2783 590 2867 partibus
611 2784 840 2868 negligenciam
863 2802 928 2845 non
950 2784 1157 2863 commiserit,
1178 2784 1435 2866 universitasque
1455 2785 1568 2868 prefati

263 2903 326 2945 non
364 2882 403 2945 ad
439 2884 605 2946 memorati
634 2882 844 2960 marchionis,
880 2881 935 2943 sed
967 2880 1007 2962 ad
1042 2879 1228 2944 dilectorum
1258 2881 1398 2944 filiorum
1426 2880 1569 2963 Henrici,

264 2981 289 3042 N
294 2981 384 3043 icolai
405 2985 436 3043 et
456 2979 618 3044 Friczonis
639 2981 794 3043 dictomm
816 2979 855 3042 de
877 2977 1052 3061 [engevelt
1073 2980 1301 3061 armigerorum
1323 2979 1405 3043 dicte
1426 2979 1569 3057 diocesis

261 3079 451 3141 instanciam
470 3078 546 3140 olim
567 3079 606 3140 ad
626 3079 781 3141 iudicium
803 3078 891 3141 curie
910 3077 1013 3161 ipsius
1033 3078 1117 3158 regis
1138 3077 1278 3159 legitime
1296 3096 1337 3140 ex
1353 3097 1451 3141 causa
1466 3080 1566 3141 eciam

262 3177 402 3256 legitima
428 3177 530 3239 vocati
556 3181 587 3239 et
614 3183 737 3240 servato
757 3177 836 3238 iuris
858 3175 969 3237 ordine
989 3174 1217 3238 sententialiter
1237 3176 1374 3238 convicti
1394 3181 1425 3238 et
1445 3194 1568 3258 compe

266 3272 407 3336 tentibus
438 3273 667 3337 monitionibus
695 3275 813 3356 previis
840 3292 951 3336 eorum
980 3271 1183 3355 exigentibus
1209 3271 1249 3334 de
1269 3273 1391 3335 meritis
1411 3274 1567 3355 impe1iali

264 3371 450 3434 atteteritate
472 3373 637 3454 proscripti
658 3379 689 3434 et
710 3370 895 3436 huiusmodi
916 3371 1023 3438 banuo
1042 3354 1197 3453 suppositi
1207 3389 1243 3431 ac
1254 3371 1443 3450 successive,
1455 3389 1566 3433 eorum

262 3468 396 3530 durante
417 3470 598 3550 pertinacia,
622 3488 701 3553 pene
717 3469 908 3552 perdicionis
921 3474 951 3531 ct
960 3469 1137 3531 invasionis
1151 3467 1304 3530 bonorum
1316 3474 1347 3530 et
1358 3485 1565 3550 personarum

262 3585 395 3628 snorum
426 3566 522 3629 dediti
552 3568 727 3644 extiterint,
757 3567 874 3649 prefato
897 3565 1068 3628 Wilhelme
1096 3571 1127 3628 et
1153 3566 1275 3628 dilectis
1295 3565 1383 3644 tiliis,
1404 3566 1568 3630 nobilibus

263 3663 338 3726 viris
365 3662 437 3725 aliis
458 3664 696 3728 marchionibus
718 3664 951 3741 MisnensibuS,
976 3670 1007 3726 et
1029 3663 1167 3725 dominis
1188 3663 1416 3745 temporalibus
1437 3664 1566 3727 illarum

266 3762 403 3842 partium
432 3763 550 3825 eisdem
579 3764 744 3845 armigeris
772 3781 828 3846 pro
851 3760 1069 3825 defensoribus
1088 3766 1120 3824 et
1140 3761 1366 3824 executoribus
1387 3782 1483 3844 super
1504 3764 1566 3827 hiis

269 3879 322 3940 por
360 3860 495 3922 eundem
535 3879 640 3940 regem
673 3861 843 3942 deputatis,
875 3878 934 3922 nos
966 3859 1163 3922 attendentes
1191 3867 1355 3941 propterea
1383 3860 1565 3924 huiusmodi

269 3958 503 4038 esposicionem
527 3958 680 4020 dictorum
703 3959 927 4036 universitatis,
949 3956 1050 4036 nobis,
1061 3964 1097 4019 nt
1113 3959 1313 4039 premittitur,
1330 3976 1432 4039 nuper
1441 3957 1568 4034 tactam,

269 4056 398 4117 veritate
419 4073 526 4117 carere
548 4055 730 4139 litterasque
752 4064 783 4119 et
803 4055 989 4119 mandatum
1010 4061 1119 4118 nostra
1140 4055 1280 4138 predicta
1300 4057 1333 4117 in
1357 4057 1459 4138 ipsius
1481 4059 1566 4137 regis

264 4153 472 4234 preludicium
495 4160 526 4216 et
547 4153 739 4233 prefatorum
761 4155 990 4235 armigerorum
1012 4153 1166 4215 iacturam
1178 4153 1330 4217 damnum
1347 4161 1378 4216 et
1394 4174 1565 4236 gravamen

263 4269 354 4331 pesse
376 4250 562 4331 redundare,
584 4271 621 4314 ac
642 4253 784 4314 volentes
809 4269 904 4333 snper
924 4251 986 4313 hiis
1005 4249 1178 4333 providere,
1194 4250 1314 4313 litteras
1331 4256 1362 4314 et
1379 4252 1565 4315 mandatum

265 4348 401 4430 predicta
424 4355 454 4411 et
466 4368 658 4432 quecunque
668 4350 742 4412 inde
756 4355 864 4412 secuta
875 4350 1060 4412 auctoritate
1071 4348 1243 4430 apostolica
1253 4355 1361 4412 tenore
1371 4352 1565 4431 presentium

260 4463 447 4508 revocamus
469 4445 655 4528 nulliusque
669 4447 868 4510 decernimus
881 4447 1016 4508 existere
1026 4445 1149 4510 roboris
1160 4445 1209 4510 vel
1222 4448 1385 4508 momenti.
1416 4445 1567 4510 Etnichi-

262 4542 402 4606 lominus
422 4544 560 4626 predicto
581 4545 814 4627 archiepiscopo
839 4544 951 4608 eadem
969 4545 1155 4608 auctoritate
1179 4542 1357 4608 districtius
1374 4545 1569 4624 inhibemus
