3525 5209
465 380 696 439 Urkundenbuch
714 380 764 437 der
781 379 864 437 Stadt
882 379 989 435 Erfurt
1026 379 1066 435 ΙΙ.
1082 378 1171 435 Theil.
1430 379 1474 432 29

157 532 317 597 bonorum
330 552 386 615 per
403 552 461 597 nos
480 534 682 599 venditorum
700 533 837 616 predicto
849 531 1003 612 Conrado,
1019 533 1102 595 sicut
1112 532 1260 614 superius
1279 537 1328 593 est
1343 550 1471 615 expres-

159 652 244 705 sum,
255 634 324 716 ipso
336 630 478 697 Conrado
496 634 554 697 hcc
573 638 697 715 petente
714 638 744 695 et
763 632 985 693 consenciente
1000 629 1222 693 nansurlimus
1233 630 1471 711 etpresentibus

157 731 383 795 transferimus
404 750 477 794 cum
500 732 587 794 omni
615 732 697 808 iure,
724 728 843 812 quibus
868 728 908 791 ad
936 748 995 791 nos
1018 728 1172 811 pertinuit
1196 732 1229 789 et
1253 728 1405 809 pertinet,
1432 728 1471 791 ad

158 828 330 891 ecclesiam
350 830 451 891 sancti
463 828 570 893 Severi
586 828 819 902 Erfurdensem,
839 832 870 889 et
891 827 951 909 ipsi
973 826 1105 888 ecclesie
1125 824 1236 887 eadem
1257 823 1341 887 bona
1360 846 1472 908 appro-

157 929 339 1011 priavimus
359 935 391 992 et
410 928 649 1012 approprianrus
664 926 695 987 in
715 926 843 987 nomine
859 922 989 986 Domini
1010 942 1067 1006 per
1087 928 1257 1006 presentes,
1277 923 1357 984 nihil
1379 925 1472 987 uobis

156 1027 240 1089 iuris
262 1028 392 1109 penitus
411 1028 609 1089 reservantes
626 1024 658 1086 in
677 1024 761 1105 ipsis.
794 1020 1067 1085 Renunciavimus
1082 1021 1181 1083 eciam
1199 1026 1230 1083 et
1244 1023 1472 1086 renunciamus

155 1124 191 1185 in
213 1124 276 1187 hiis
296 1124 422 1207 scriptis
443 1123 621 1206 exceptioni
645 1140 706 1184 non
728 1126 893 1183 numerate
920 1126 976 1183 aut
1005 1140 1068 1182 non
1095 1119 1198 1181 solute
1228 1122 1377 1201 pecunie,
1406 1120 1472 1183 doli

157 1221 235 1283 mali
256 1227 289 1284 et
310 1223 342 1283 in
364 1221 482 1284 iactum
503 1220 633 1297 actioni,
661 1217 813 1281 beneficio
834 1219 1043 1281 restitutionis
1064 1219 1098 1280 in
1120 1219 1293 1299 integrum,
1321 1219 1472 1283 omnibus

156 1319 290 1383 auxiliis
311 1319 478 1381 ordinariis
502 1318 550 1381 vel
569 1316 825 1380 extraordinariis
861 1316 941 1378 iuria
971 1318 1114 1379 canonici
1137 1326 1168 1379 et
1188 1318 1305 1388 civilis,
1328 1336 1385 1400 per
1405 1337 1468 1401 que

157 1418 313 1499 premisse
336 1422 441 1479 nostre
463 1416 621 1493 vendicio,
641 1414 808 1477 translacio
829 1420 860 1476 et
881 1416 1096 1497 appropriacic
1117 1416 1149 1477 in
1171 1422 1236 1478 toto
1259 1415 1308 1477 vel
1328 1416 1362 1477 iu
1383 1424 1471 1499 parte

157 1517 291 1593 irritari,
320 1516 426 1577 viciari
452 1519 579 1598 possent
599 1512 778 1595 aliqualiter
798 1518 853 1573 aut
871 1512 1023 1591 rescindi,
1052 1517 1083 1575 et
1103 1512 1278 1595 specialiter
1299 1514 1376 1591 iuri,
1408 1534 1472 1596 quc

158 1620 300 1689 cavetur,
321 1614 592 1675 renunciationem
614 1610 786 1675 invalidam
808 1629 877 1673 esse
896 1610 1083 1691 generalem.
1125 1610 1190 1673 lios
1212 1603 1341 1695 quoque
1363 1610 1468 1674 Mech-

158 1712 269 1775 tlrildis
290 1713 428 1795 predicta
451 1711 630 1775 iuravimus
651 1716 681 1771 et
702 1709 847 1771 iuramus
871 1707 912 1769 ad
933 1715 1043 1771 sancta
1064 1715 1245 1771 sanctorum
1268 1710 1472 1793 corporaliter

157 1828 216 1891 per
237 1830 296 1873 uos
317 1818 416 1887 tacta,
437 1809 536 1893 quod,
557 1808 584 1870 si
608 1808 726 1890 prelata
749 1806 831 1868 bona
852 1811 958 1868 essent
980 1805 1029 1868 vel
1050 1805 1184 1869 luissent
1207 1806 1299 1869 nubis
1321 1807 1393 1870 data
1413 1826 1471 1870 seu

156 1910 320 1990 assignata
340 1910 374 1971 in
396 1907 499 1970 dotem
522 1924 576 1969 seu
601 1905 806 1967 donacionem
830 1910 958 1985 propter
973 1905 1114 1985 nupcias,
1130 1904 1359 1984 vendicionem,
1370 1912 1473 1967 traus-

157 2006 314 2069 lacionem
336 2004 668 2089 acappropriacionem
685 2020 741 2063 seu
759 2000 981 2063 alienationem
992 2002 1161 2082 premissas
1175 2007 1258 2065 ratas
1269 2002 1468 2085 habebimus,

157 2122 219 2167 nec
245 2106 464 2167 contravenire
492 2102 640 2165 volumus
660 2100 754 2161 verbo
775 2105 832 2161 aut
849 2116 942 2181 opere
965 2099 1204 2180 quoquomodo,
1234 2101 1469 2183 quodquidam

157 2203 376 2265 iuramentum
396 2220 455 2264 nec
476 2201 522 2273 vi,
544 2206 629 2261 matu
651 2202 707 2261 aut
726 2195 944 2280 compulsione
966 2216 985 2258 a
1005 2196 1097 2259 uobis
1112 2203 1271 2261 extortum
1287 2198 1399 2278 extitit,
1416 2201 1472 2263 sed

158 2300 267 2382 ipsum
299 2300 494 2381 prestitimus
521 2304 552 2361 et
576 2302 754 2380 prestamus
780 2301 953 2377 spontanea
977 2295 1147 2357 voluntate.
1190 2294 1256 2359 Nos
1276 2298 1376 2360 eciam
1398 2296 1473 2359 lire·

160 2396 290 2459 dericus
318 2402 349 2459 et
369 2395 583 2471 Hermaunus,
615 2392 673 2457 Dei
701 2392 808 2473 gracia
837 2390 950 2454 fratres
981 2394 1111 2455 comites
1143 2393 1183 2456 de
1215 2393 1411 2457 Orlamunde
1441 2402 1473 2458 et

159 2492 282 2556 domini
295 2492 473 2574 inWymar
494 2492 633 2573 predicti,
657 2491 911 2571 recognoscimus
933 2489 1132 2572 presentibus
1152 2490 1473 2575 publiceprolitendo,

159 2591 247 2674 quod
278 2592 472 2663 vendicioni,
502 2589 702 2652 translacioni
729 2593 761 2648 et
788 2588 1038 2669 appropriacioni
1070 2586 1225 2651 bonorum
1258 2590 1471 2671 predictorum

158 2689 265 2766 lactis,
294 2696 329 2751 ut
354 2690 559 2771 premittitur,
599 2690 743 2749 nostrum
777 2702 969 2746 consensum
997 2692 1186 2767 nostrasque
1221 2687 1414 2751 voluntatem
1442 2697 1473 2751 et

159 2788 379 2849 auctoritatem
406 2787 556 2869 impartiti
578 2803 691 2847 sumus
713 2788 744 2845 et
764 2781 965 2867 presentibus
986 2784 1197 2866 impartimur,
1217 2785 1300 2867 ipsas
1319 2784 1469 2848 habentes

160 2891 245 2947 ratas
278 2884 310 2946 in
345 2882 495 2947 omnibus
527 2888 622 2964 atoue
653 2888 774 2963 mutas,
804 2898 902 2962 quam
934 2883 1033 2943 eciam
1064 2883 1283 2964 proprietatem
1316 2882 1471 2945 dictorum

160 2981 319 3045 bonorum
341 2981 380 3044 de
400 2998 558 3045 consensu
581 2978 710 3062 predicti
722 2978 871 3055 Conradi,
893 2988 1048 3059 quantum
1072 2980 1106 3041 iu
1127 2979 1220 3042 nobis
1240 2987 1296 3059 est,
1315 2980 1472 3043 donamus

159 3079 243 3143 dicte
264 3079 395 3141 ecclesie
415 3080 515 3143 sancti
527 3078 634 3142 Severi
655 3084 687 3141 et
707 3077 927 3141 transferimus
945 3079 979 3140 in
999 3078 1099 3159 ipsam
1120 3083 1151 3139 et
1171 3078 1241 3160 ipsa
1262 3077 1345 3140 bona
1362 3096 1473 3161 appro-

159 3178 303 3259 priamus
331 3177 448 3251 eidem,
477 3176 573 3239 nichil
593 3177 673 3239 iuris
695 3177 792 3239 ineis
814 3178 942 3260 penitus
962 3181 1170 3253 reservantes,
1190 3194 1228 3237 ac
1248 3177 1473 3239 renunciantes

159 3292 311 3357 expresse
331 3274 480 3337 omnibus
502 3272 626 3337 iuribus
641 3278 672 3337 et
688 3273 818 3336 auxiliis
830 3274 1059 3356 suprascriptis.
1102 3271 1322 3335 Promittimus
1342 3275 1473 3357 insuper

159 3392 220 3435 nos
248 3370 368 3448 Besso,
399 3370 610 3451 Mechtlrildis,
645 3370 827 3433 rudericus
852 3376 883 3433 et
902 3370 1110 3435 Hermannus
1139 3370 1279 3453 predicti,
1303 3372 1470 3454 sollempni

160 3469 367 3552 stipulatione
393 3470 585 3552 interposita,
614 3468 850 3533 horrorabilibus
879 3470 955 3531 viris
983 3468 1121 3531 dominis
1141 3468 1259 3531 daune
1280 3476 1312 3531 et
1333 3470 1470 3552 capitulo

158 3567 292 3631 ecclesie
311 3570 409 3629 sancti
423 3568 530 3629 Severi
553 3566 690 3649 predicte
711 3568 787 3649 ipsis
808 3572 863 3629 aut
883 3567 985 3629 eidem
1004 3566 1135 3629 ecclesie
1156 3586 1251 3649 super
1271 3567 1363 3630 dictis
1382 3567 1473 3631 bouis

160 3665 248 3727 litam
271 3685 329 3727 seu
350 3666 595 3727 controversiam
620 3684 681 3727 nun
704 3664 821 3727 inferre
842 3683 898 3727 seu
921 3665 1066 3726 inferenti
1087 3666 1281 3742 consentire,
1306 3665 1359 3728 sed
1386 3666 1472 3748 ipsos

159 3763 200 3825 ab
222 3764 423 3845 impeticione
443 3762 613 3825 cuiuslibet
634 3762 763 3826 reddere
786 3762 900 3824 liberos
922 3768 953 3824 et
973 3763 1160 3845 indempnes
1179 3769 1211 3824 et
1227 3762 1266 3824 de
1277 3762 1369 3825 dictis
1379 3763 1471 3826 bonis

159 3862 356 3925 auctorizare
377 3866 407 3923 et
429 3867 578 3943 perpetuo
599 3860 796 3923 iusticialiter
816 3861 1008 3923 waraudare.
1051 3859 1104 3922 Hii
1131 3866 1236 3923 autem
1264 3866 1341 3923 sunt
1359 3862 1472 3938 mansi,

160 3968 192 4022 et
216 3960 260 4023 hii
272 3964 350 4021 suut
369 3958 482 4031 coloni,
504 3958 702 4043 possidentes
722 3958 857 4041 prelatos
879 3978 1009 4021 mansos
1029 3965 1060 4020 et
1076 3959 1233 4020 solventes
1250 3960 1416 4041 pensiones
1434 3960 1472 4022 de

159 4058 295 4135 eisdem,
316 4058 371 4139 qui
393 4054 562 4139 specificati
586 4061 618 4119 et
638 4058 806 4139 conscripti
828 4075 894 4119 uua
914 4076 988 4119 cum
1006 4056 1372 4119 curiissubsecunturin
1387 4059 1473 4119 lrunc

160 4156 309 4218 modurn:
330 4154 367 4215 ln
390 4154 465 4217 villa
479 4153 612 4216 Talborn
626 4152 785 4216 Henricns
806 4154 1095 4235 dictusAylburgis
1115 4154 1168 4217 dat
1188 4156 1332 4237 quinque
1353 4156 1473 4218 maldra

159 4274 233 4317 cum
264 4252 410 4331 dimidie,
440 4252 636 4315 medietatem
666 4253 816 4315 frumenti
845 4252 927 4315 bone
953 4253 1091 4315 mixture
1111 4259 1144 4314 et
1164 4252 1362 4316 medietatem
1385 4254 1472 4316 ordei

159 4350 361 4415 Eriordensis
382 4368 541 4423 mensure,
567 4352 665 4413 annui
687 4356 718 4412 et
744 4352 885 4433 perpetui
907 4370 1023 4413 census
1043 4353 1076 4413 in
1098 4350 1241 4412 Ertordia
1263 4351 1473 4434 presentando

159 4450 298 4533 singulis
325 4449 417 4511 annis
449 4450 481 4510 in
509 4448 559 4510 die
586 4448 670 4511 beati
692 4446 875 4511 Michahelis
895 4448 1076 4531 archangeli
1103 4449 1320 4533 autumpnalis
1349 4449 1388 4513 de
1406 4469 1472 4512 uno

160 4568 275 4612 manso
307 4566 382 4611 cum
415 4546 545 4610 dimidio
574 4549 643 4610 sitis
672 4547 706 4609 in
733 4548 852 4629 campis
878 4546 952 4609 ville
972 4546 1107 4609 'l'alborn
1138 4546 1273 4631 predicte
1294 4553 1324 4610 et
1346 4546 1473 4611 duabus
