3525 5209
228 421 281 472 614
589 411 863 483 Geschichtsquellen
882 411 931 466 der
947 411 1030 465 Prou,
1042 410 1172 465 Sachseu.

231 568 378 631 consules
406 572 437 630 et
464 567 655 629 universitas
683 584 739 648 pro
766 564 948 627 defensione
977 561 1119 625 eiusdem
1147 561 1231 643 opidi
1259 564 1290 623 et
1318 565 1474 632 bonorum
1501 591 1538 634 ao

233 667 311 729 iuris
346 665 420 728 cleri
451 670 482 728 et
513 663 620 748 populi
658 661 830 725 eorundem
864 681 898 725 se
939 666 1132 743 exponentes
1168 679 1224 742 pro
1258 662 1326 746 ipsa
1358 665 1539 731 defensione

231 784 347 847 magna
368 762 523 827 subierint
549 767 580 825 et
603 762 815 825 sustinuerint
841 779 877 822 ae
906 758 1040 822 subeant
1059 766 1090 819 et
1111 760 1288 823 sustineant
1307 780 1402 825 onera
1423 784 1540 848 expeu-

233 882 355 938 sarum,
385 863 533 944 quamvis
563 861 602 924 ad
632 858 844 942 supportanda
873 856 1057 920 huiusmodi
1086 876 1182 920 onera
1207 876 1316 923 eorum
1340 881 1404 925 non
1427 883 1541 948 suppe-

234 961 343 1023 tierint
364 978 423 1022 neo
444 964 613 1042 suppetant
633 956 807 1035 facultates,
829 956 988 1039 predictus
1008 961 1112 1018 tamen
1136 954 1239 1019 cierus
1257 963 1288 1020 et
1308 978 1442 1041 persone
1458 963 1542 1025 eius·

233 1060 305 1121 dem
333 1056 408 1120 cleri
441 1057 633 1139 supradicte,
662 1056 753 1118 bonis
779 1052 1020 1136 temporalibus,
1049 1053 1087 1116 ad
1117 1072 1171 1116 eos
1190 1055 1311 1119 ratione
1334 1076 1539 1139 personarum

231 1157 373 1239 ipsorum
395 1153 620 1237 spectantibus,
643 1155 676 1216 in
698 1171 809 1215 eorum
831 1150 922 1233 opido
944 1152 1065 1214 eteius
1087 1152 1289 1231 pertinenciis
1311 1154 1539 1237 habundantes

232 1254 304 1316 licet
335 1254 429 1315 etiam
455 1251 593 1333 legitime
621 1250 766 1333 requisiti
791 1249 830 1312 ed
858 1248 997 1332 predicta
1027 1267 1124 1311 onera
1151 1251 1365 1333 supportanda
1391 1273 1446 1337 pro
1473 1261 1541 1319 rata

232 1355 421 1434 proventum
452 1350 624 1413 eorundem
652 1348 808 1411 bonorum
837 1366 969 1410 suorum
997 1366 1069 1409 oum
1099 1347 1190 1410 dictis
1221 1350 1396 1431 magistris,
1426 1372 1540 1416 eonsu-

234 1448 318 1511 libus
339 1453 369 1511 et
395 1449 600 1511 universitate
621 1447 820 1510 contribuere
843 1444 1016 1508 noluerunt
1036 1464 1095 1507 nec
1118 1445 1277 1525 volebant,
1302 1456 1490 1513 recusarunt
1511 1458 1541 1515 et

233 1552 382 1610 recusant
406 1544 544 1609 indebite
570 1550 600 1607 et
626 1545 761 1621 iniuste,
789 1562 887 1626 quare
908 1548 1091 1626 procurator
1112 1551 1142 1606 et
1163 1544 1319 1625 syndikus
1340 1548 1541 1631 supradictus

233 1646 378 1723 nomine,
409 1663 472 1727 quo
499 1662 608 1725 supra,
638 1642 714 1725 petit
740 1660 797 1723 per
817 1660 875 1703 ros
903 1646 933 1703 et
954 1647 1091 1703 vestram
1121 1643 1308 1705 senteutiam
1337 1647 1541 1728 pronunciari

235 1747 266 1805 et
284 1740 452 1821 declarari,
473 1742 592 1804 clerum
616 1738 789 1823 predictum
813 1744 843 1802 et
865 1740 934 1801 eius
954 1757 1105 1821 personas
1126 1740 1322 1822 supradictas
1343 1740 1492 1807 debuisse
1511 1752 1542 1807 et

234 1839 346 1903 debere
375 1837 575 1902 contribuere
600 1857 655 1921 pro
684 1843 751 1900 rata
778 1836 918 1920 predicta
943 1836 981 1898 ad
1009 1855 1104 1899 onera
1126 1838 1340 1920 supportanda
1362 1841 1541 1923 supradicto

234 1949 265 2000 et
285 1956 339 2000 eos
359 1936 582 2019 condempnari
604 1940 635 1998 et
653 1934 899 2017 condempnatos
913 1933 1058 2017 compelli
1072 1934 1110 1996 ad
1124 1934 1396 2000 contribucionem
1407 1939 1540 2003 eandem

235 2033 410 2099 faciendam
432 2052 488 2118 pro
509 2038 650 2116 ternpore
671 2037 735 2096 tam
757 2033 916 2116 preterito,
947 2050 1042 2113 quarn
1066 2034 1217 2115 presenti,
1237 2039 1267 2096 et
1288 2034 1440 2113 declarari
1456 2038 1541 2120 ipsos

236 2134 336 2196 teneri
370 2151 406 2194 ac
439 2131 664 2213 condempnari
695 2130 822 2193 eosdem
853 2129 892 2191 ad
920 2128 1190 2193 contribucionem
1218 2132 1319 2214 ipsam
1349 2153 1405 2217 pro
1433 2133 1541 2199 tuturo

237 2236 376 2313 ternpore
397 2228 582 2310 faciendam,
604 2235 634 2292 et
655 2228 795 2313 predicta
816 2228 894 2311 petit
914 2228 1000 2290 omni
1023 2228 1130 2307 mode„
1151 2230 1219 2292 iure
1244 2236 1274 2293 et
1293 2250 1399 2312 causa,
1423 2232 1542 2316 quibus

235 2328 351 2391 melius
375 2331 477 2411 potest
503 2346 577 2390 curn
599 2326 746 2409 dampnis
766 2331 798 2389 et
817 2325 982 2405 interesse,
1009 2326 1156 2408 expensis
1177 2326 1282 2407 factis,
1304 2334 1334 2392 et
1352 2335 1541 2413 protestatur

239 2426 278 2489 de
299 2425 462 2506 faciendis
485 2424 572 2489 salvo
592 2426 663 2487 iure
684 2422 835 2503 addendi,
855 2422 1036 2501 minuendi,
1057 2424 1211 2504 mutandi,
1231 2426 1407 2508 corrigendi
1428 2432 1503 2492 ete²

312 2545 317 2573 ¹
345 2543 468 2597 Varietate
485 2541 570 2596 Stella.
608 2542 619 2571 ²
636 2540 717 2596 Nactr
734 2541 782 2595 der
798 2540 968 2609 Belaperamp
985 2558 1036 2594 auu
1056 2544 1124 2593 1376
1143 2541 1236 2595 betra'ab
1254 2541 1301 2595 der
1318 2543 1375 2597 aar
1394 2544 1474 2614 eistip
1490 2546 1543 2600 den

237 2617 353 2670 Anabura
371 2614 418 2667 der
437 2612 669 2680 Featrmpawerke,
691 2627 765 2665 wazu
782 2628 811 2665 er·
828 2611 897 2665 wohl
914 2612 992 2665 auen
1009 2610 1122 2679 Beitrup
1139 2612 1210 2665 arach
1228 2628 1278 2665 von
1295 2612 1342 2667 der
1362 2614 1543 2670 eastreia-eu

236 2687 376 2753 verloupte.
413 2682 509 2737 Daue
526 2682 618 2748 dairfte
634 2682 685 2735 dua
703 2682 883 2747 Scbmtistitcb
901 2682 958 2734 bier
976 2698 1014 2733 aa
1034 2680 1080 2734 der
1098 2681 1227 2750 rr'cbta'pera
1245 2682 1325 2737 §belle
1341 2685 1405 2739 sein.

235 2843 351 2925 1380.
377 2841 546 2923 dorruar
571 2841 612 2926 4.
1450 2844 1540 2926 824.

337 2979 493 3056 Gunther,
514 2996 576 3040 von
598 2977 687 3040 Gotis
707 2977 833 3059 guaden
854 2978 941 3060 graie
964 2977 1029 3040 und
1053 2977 1141 3039 berre
1163 2996 1221 3041 acu
1243 2977 1453 3063 Kefernberg,
1476 2981 1541 3044 und

335 3078 411 3139 t'rau
446 3074 575 3153 Soffeia,
615 3076 769 3157 grafyune
799 3094 860 3137 von
898 3074 1054 3156 Stalberg,
1093 3094 1153 3154 syn
1185 3080 1318 3155 mutter,
1355 3077 1423 3139 und
1455 3078 1541 3159 grate

337 3173 482 3237 Gunther
507 3192 568 3235 von
597 3171 792 3253 Keferuberg
824 3172 879 3235 der
905 3171 1008 3235 eldere
1034 3170 1207 3251 verkoufcu
1237 3172 1294 3235 mit
1323 3170 1446 3237 Wisseu
1473 3175 1542 3237 aaa

343 3269 454 3334 Willcn
483 3268 569 3332 ihrer
596 3267 702 3332 Erbm
730 3269 800 3331 aad
821 3268 969 3331 Menneu
998 3269 1057 3331 den
1083 3268 1281 3349 bescheyden
1305 3271 1392 3335 luten
1415 3271 1541 3337 Hanese

336 3368 574 3453 Kreyenberge,
599 3367 695 3430 Elsen
718 3366 1013 3450 Kreyeubergynne
1044 3368 1130 3429 siner
1157 3372 1286 3430 swester
1311 3368 1378 3431 und
1400 3368 1541 3433 Hermen

336 3486 426 3549 prem
449 3483 542 3545 sone,
563 3465 628 3528 und
652 3465 796 3530 Gunther
816 3465 1041 3552 Kreyenberge
1064 3482 1154 3543 yrme
1176 3463 1309 3544 bruder,
1331 3464 1481 3545 Biirperu
1501 3485 1543 3529 aa
1625 3528 1636 3547 ,

335 3564 466 3643 Erfurt,
495 3564 552 3626 daz
581 3564 685 3643 holon,
712 3562 772 3627 daz
801 3563 840 3627 da
867 3565 985 3627 heisset
1015 3563 1072 3625 daz
1099 3561 1247 3643 Elleybin
1275 3562 1363 3626 holca
1390 3564 1458 3627 und
1484 3565 1541 3628 daz

337 3662 571 3742 wyesenwachs
590 3680 631 3724 au
647 3662 781 3740 ciperem
797 3659 893 3723 Recbt
907 3660 965 3741 fiir·
986 3662 1048 3724 120
1066 3656 1179 3739 Pruna
1193 3663 1283 3739 aare·
1302 3660 1454 3741 Pfeuuipe
1473 3662 1542 3724 aad

339 3766 382 3824 10
404 3758 524 3821 Mulier
545 3759 679 3822 schones
694 3777 836 3840 weyzzes
857 3758 1071 3821 idrfortesches
1092 3776 1212 3835 manes3
1233 3758 1278 3819 sie
1297 3758 1468 3822 omacbteu
1482 3760 1548 3841 auf

335 3856 397 3920 alle
426 3855 553 3933 Rechts,
579 3856 630 3918 dic
654 3856 699 3918 sie
726 3875 771 3918 aa
798 3856 865 3917 dem
888 3854 1074 3933 oerkuusteu
1098 3856 1181 3917 urire
1205 3854 1313 3932 pebabt
1333 3854 1454 3932 haftam
1483 3856 1543 3919 dus

335 3956 454 4018 stenar
477 3952 605 4018 Gericbt
626 3954 686 4015 deu
708 3951 860 4032 Kduferu
881 3950 1081 4031 aafpelusseu
1101 3950 1218 4027 bohen,
1241 3952 1440 4033 versperam
1462 3953 1544 4017 diese

336 4072 431 4134 peperi
457 4051 518 4114 olla
544 4050 753 4131 Ausprucben
778 4050 913 4113 auderet·
933 4050 1032 4112 sicher
1052 4069 1093 4113 aa
1116 4049 1222 4113 stelleu
1242 4049 1311 4110 unct
1332 4050 1457 4129 beyebeu
1478 4050 1543 4113 stet

335 4150 414 4213 aller
437 4148 557 4225 ortua,
580 4148 728 4214 wodurcb
750 4148 805 4212 der·
825 4148 927 4228 Kauf
943 4148 1135 4227 riicftpdupe'p
1156 4148 1229 4211 oder
1249 4148 1386 4228 uupiltr'p
1405 4147 1543 4226 pamachi

337 4248 459 4312 woden
483 4247 604 4311 wenta.

318 4367 381 4431 Der
413 4363 547 4449 gegebin
585 4366 626 4428 ist
653 4365 735 4428 noch
764 4363 856 4427 Oristi
881 4362 998 4447 gebord
1031 4362 1305 4444 drynoenhundert
1332 4364 1379 4425 iar
1406 4364 1436 4425 in
1471 4362 1543 4425 deur

237 4466 448 4548 achczigisten
469 4468 535 4528 iare
560 4483 600 4527 an
623 4463 677 4526 der
698 4470 808 4527 nesten
830 4461 1049 4526 mittewochen
1072 4460 1152 4523 nach
1176 4461 1246 4525 dem
1269 4479 1386 4524 nuwen
1408 4462 1481 4523 iare.

387 4581 453 4635 Sebr
470 4580 649 4649 bercbddrptec
670 4578 714 4637 Or,
734 4577 773 4631 im
790 4577 903 4646 Kyrba.
914 4579 993 4630 Aru
1004 4578 1042 4629 M.
1053 4576 1116 4631 Sd.
