3525 5209
532 334 765 390 Urlrundenbuch
784 333 832 389 der
850 333 934 390 Stadt
952 335 1057 390 Erfurt.
1095 334 1134 394 ΙΙ,
1152 337 1238 392 Theil.
1481 341 1532 394 609
1606 405 1609 412 Ι

230 471 409 550 curantium
431 488 663 550 contumaciam
684 491 853 550 accusante
873 491 905 550 et
925 487 1010 568 ipsos
1033 506 1158 569 pernes
1173 493 1375 552 contumaces
1393 491 1530 572 reputari

231 589 354 667 petente
380 590 411 647 et
437 585 469 647 in
499 584 611 648 ultimo
638 585 791 648 dictorum
814 585 1022 648 terminorum
1044 585 1144 649 dictos
1166 622 1202 632 -
1225 621 1263 630 —
1285 621 1323 630 -
1344 589 1397 630 —l
1419 588 1534 670 princi-

232 683 317 765 pales
352 702 408 767 per
439 703 498 746 nos
529 685 561 746 in
595 684 719 765 scriptis
745 682 1074 746 excommunicari-et
1094 685 1386 748 excommunicatos
1409 685 1534 768 publice

231 783 372 844 nuntiari
402 787 432 845 et
458 782 638 845 denuntiari
667 801 740 844 cum
765 780 914 843 instantia
936 780 1122 862 postulante.
1163 780 1229 845 Nos
1254 783 1352 864 igitur
1377 781 1534 848 Iohannes

231 879 398 943 cardinalis
415 879 554 963 prelatus
573 879 672 943 dictos
683 879 793 942 citatos
804 897 868 940 non
883 885 1107 961 comparentes,
1127 898 1183 942 nec
1197 881 1332 943 termino
1351 881 1533 946 huiusmodi

230 979 409 1042 satisfacere
438 985 585 1042 curantes
613 979 833 1062 reputavimus
864 977 897 1038 in
932 975 1023 1039 dictis
1052 977 1186 1060 singulis
1216 980 1360 1042 terminis
1390 981 1535 1064 exigente

229 1077 354 1139 iusticia
382 1081 583 1140 contumaces
611 1081 642 1138 et
669 1076 702 1137 in
731 1093 842 1139 eorum
864 1075 1096 1138 contumaciam
1117 1075 1273 1151 predictos
1295 1073 1469 1140 Martinum
1496 1077 1534 1141 de

230 1173 337 1237 Stadia
361 1206 398 1218 -
419 1212 459 1219 -
478 1210 519 1218 -
539 1177 591 1219 —5
611 1174 798 1257 principales
818 1174 852 1234 in
874 1173 998 1254 scriptis
1018 1174 1369 1236 excommunicavimus
1383 1181 1413 1238 et
1428 1187 1536 1240 tenore

230 1273 423 1354 presentium
445 1272 768 1336 excommunicamus.
812 1269 881 1345 Qua
902 1271 1009 1333 omnia
1030 1275 1061 1333 et
1082 1269 1208 1352 singula
1229 1269 1318 1333 vobis
1337 1271 1486 1336 omnibus
1505 1279 1536 1336 et

231 1370 366 1450 singulis
394 1370 597 1453 supradictis,
631 1368 748 1452 quibus
776 1374 937 1451 presentes
963 1371 1069 1431 nostre
1091 1367 1179 1431 litero
1201 1365 1398 1450 diriguntur,
1428 1375 1536 1435 tenore

232 1469 426 1550 presentium
448 1469 649 1546 intimamus,
678 1468 882 1530 insinuamus
913 1473 943 1528 et
973 1465 1174 1530 notificamus
1205 1473 1234 1528 et
1264 1467 1301 1529 ad
1337 1475 1474 1531 vestram
1506 1476 1537 1532 et

230 1565 402 1628 cuiuslibet
428 1572 568 1630 vestrum
596 1565 744 1628 noticiam
769 1564 955 1628 deducimus
981 1583 1036 1646 per
1068 1569 1227 1648 presentes
1255 1565 1410 1648 vobisque
1436 1566 1537 1630 nichi-

230 1663 371 1726 lominus
402 1669 433 1726 et
463 1669 605 1727 restrum
638 1661 767 1725 cuilibet
795 1663 830 1724 in
862 1663 979 1724 virtute
1005 1668 1111 1725 sancte
1138 1661 1314 1725 obedientie
1342 1668 1374 1726 et
1399 1663 1458 1727 sub
1481 1683 1537 1727 ex-

231 1763 527 1824 communicationis
554 1781 635 1843 pena
664 1761 803 1824 districte
830 1759 1028 1842 precipiendo
1057 1760 1257 1841 mandamus,
1284 1767 1441 1844 quatenus
1468 1782 1538 1845 pre-

232 1858 331 1922 dictos
352 1879 462 1922 omnes
483 1866 513 1922 et
533 1859 684 1942 singulos,
709 1863 742 1920 ut
761 1858 924 1941 prefertur,
945 1878 1000 1940 per
1021 1877 1077 1920 nos
1099 1859 1390 1922 excommunicatos
1412 1859 1537 1942 publice

232 1957 387 2019 nuntietis
413 1963 444 2019 et
469 1955 655 2020 denunciari
678 1957 862 2040 permittatis
890 1961 921 2019 et
948 1956 1069 2018 faciatis
1096 1957 1127 2018 in
1150 1957 1262 2019 vestris
1288 1957 1428 2020 ecclesiis
1455 1958 1537 2021 inira

231 2056 402 2118 missarum
438 2055 640 2150 sollempnia,
668 2054 742 2117 dum
776 2055 913 2137 populus
941 2055 1124 2117 convenerit
1152 2054 1190 2116 ad
1222 2055 1345 2135 divina,
1376 2057 1538 2138 campanis

232 2152 374 2234 pulsatis,
394 2152 533 2217 candelis
555 2155 695 2216 accensis
715 2159 745 2216 et
760 2153 890 2217 demum
904 2153 1059 2232 extinctis,
1081 2153 1241 2214 consuetis
1253 2151 1538 2235 sollempnitatibus

232 2249 381 2314 adhibitis
402 2255 434 2314 et
454 2250 528 2313 alibi
551 2250 621 2330 ubi,
653 2251 780 2333 quando
810 2255 840 2313 et
867 2251 1019 2333 quociens
1048 2249 1217 2331 expediens
1246 2249 1342 2312 fuant
1362 2255 1393 2312 et
1413 2250 1539 2314 fueritis

232 2349 376 2430 requisiti
405 2367 461 2411 seu
488 2354 630 2411 vestrum
662 2348 780 2431 aliquis
810 2349 906 2411 fuerit
936 2349 1122 2431 requisitus,
1164 2346 1263 2410 donec
1303 2353 1333 2410 et
1371 2367 1538 2431 quousque

234 2445 404 2529 supradicti
430 2446 695 2510 excommunicati
727 2446 939 2510 absolucionis
971 2445 1159 2509 beneficium
1187 2446 1360 2508 meruerint
1388 2447 1536 2528 optinere,

233 2549 289 2608 aut
321 2563 375 2607 ros
409 2544 540 2607 anobis
571 2547 619 2610 vel
646 2546 684 2609 ab
716 2545 788 2624 alio,
817 2544 909 2608 nobis
936 2546 969 2607 in
1000 2564 1096 2607 causa
1126 2543 1307 2606 huiusmodi
1335 2543 1538 2626 surrogando,

233 2642 450 2705 commissario
476 2641 564 2706 aliud
590 2645 733 2726 reperitis
757 2643 952 2706 mandatum.
996 2641 1154 2724 Quicquid
1182 2646 1289 2705 autem
1316 2642 1348 2703 in
1376 2642 1539 2724 premissis

232 2746 264 2805 et
284 2741 368 2803 circa
388 2741 541 2823 premissa
562 2742 698 2805 feceritis
715 2760 771 2804 seu
794 2746 935 2804 vestrum
958 2740 1073 2823 aliquis
1093 2740 1208 2817 fecerit,
1231 2739 1323 2823 nobis
1344 2759 1399 2822 per
1420 2744 1539 2803 vestras

233 2843 375 2921 patentes
394 2837 513 2900 litteras
527 2857 582 2901 seu
599 2839 761 2921 publicum
774 2841 1033 2918 instrumentum,
1049 2838 1162 2901 harum
1172 2838 1346 2901 litterarum
1358 2841 1538 2901 nostrarum

234 2937 348 2999 seriem
377 2935 426 2999 vel
454 2936 703 3016 designationem
733 2939 930 3000 continentes
952 2955 1009 3000 seu
1035 2937 1215 3014 continens,
1243 2936 1385 2998 remissis
1413 2953 1539 3018 presen-

233 3035 328 3113 tibus,
338 3032 471 3096 fideliter
481 3035 628 3096 intimare
641 3036 765 3098 curetis
794 3033 1036 3097 Absolutionem
1048 3053 1122 3097 vero
1135 3034 1319 3096 omniumet
1331 3033 1541 3116 singulorum,

235 3134 290 3215 qui
326 3132 440 3194 dictam
468 3134 807 3197 excommunicationis
840 3133 1028 3196 sententiam
1055 3151 1195 3214 pernes
1221 3132 1316 3194 latam
1349 3132 1541 3195 incurrerint

236 3229 474 3313 quoquomodo,
503 3229 594 3292 nobis
626 3229 675 3293 vel
701 3232 853 3313 superiori
876 3235 984 3294 nostro
1008 3229 1225 3292 tantummodo
1251 3247 1460 3294 reservamus.
1501 3228 1538 3291 In

236 3346 373 3410 quorum
399 3328 543 3390 omnium
573 3333 604 3390 et
625 3327 825 3407 singulorum
846 3328 940 3391 fidem
964 3333 994 3391 et
1014 3327 1232 3390 testimonium
1253 3333 1415 3410 presentes
1435 3326 1542 3390 literas

235 3445 291 3490 seu
309 3443 439 3509 presens
459 3424 623 3508 publicum
644 3426 893 3489 instrumentum
915 3444 970 3510 per
984 3423 1188 3488 Franciscum
1200 3425 1358 3488 notarium
1376 3423 1540 3508 publicum

236 3528 445 3605 nostrumque
474 3526 505 3586 et
534 3541 629 3586 cause
657 3523 754 3586 huius
782 3542 886 3586 coram
918 3521 1008 3585 nobis
1034 3521 1168 3585 scribam
1201 3522 1437 3606 infrascriptum
1466 3522 1541 3585 sub-

236 3619 330 3684 scribi
360 3627 391 3683 et
421 3619 574 3703 publicari
610 3621 832 3684 mandavimus
862 3626 893 3682 et
926 3618 1021 3703 sigilli
1056 3621 1155 3682 nostri
1186 3619 1320 3683 fecimus
1349 3620 1541 3703 appensione

236 3719 363 3781 muniri.
404 3716 522 3781 Datum
547 3725 579 3780 ct
603 3725 708 3781 actum
729 3717 828 3781 Rome
859 3719 891 3780 in
915 3718 1054 3800 hospicio
1076 3716 1278 3780 habitationis
1300 3723 1421 3796 nostre,
1449 3709 1541 3780 nobis

236 3816 352 3880 ibidem
382 3816 459 3879 hora
483 3835 687 3898 vesperorum
724 3817 756 3878 in
784 3816 851 3878 loco
872 3820 980 3878 nostro
1003 3814 1094 3877 solito
1115 3814 1155 3876 ad
1175 3815 1247 3877 iura
1268 3813 1464 3878 reddendum
1485 3833 1541 3896 pro

235 3913 386 3977 tribunali
408 3913 600 3989 sedentibus,
621 3913 680 3977 sub
702 3934 786 3976 anno
808 3915 981 3977 nativitatis
995 3911 1124 3975 Domini
1140 3913 1307 3976 millesimo
1324 3912 1541 3975 trecentesimo

236 4012 468 4096 septuagesimo
506 4031 604 4091 nono,
639 4011 811 4074 indictione
851 4010 1005 4089 secunda,
1036 4010 1086 4073 die
1118 4009 1194 4073 lune
1229 4009 1378 4072 vicesima
1410 4009 1543 4089 septima

236 4111 356 4174 mensis
377 4109 472 4188 Iunii,
491 4107 693 4193 pontificatus
714 4111 905 4172 sanctissimi
927 4110 959 4170 in
983 4107 1104 4171 Christo
1125 4109 1223 4192 patris
1245 4112 1276 4170 et
1303 4105 1422 4169 domini
1444 4105 1543 4167 nostri

238 4208 357 4271 domini
378 4206 500 4271 Urbani
529 4208 637 4270 divina
658 4207 855 4290 providentia
882 4225 961 4291 pape
982 4204 1035 4267 VI.
1058 4225 1141 4268 anno
1161 4205 1315 4284 secunde,
1343 4200 1543 4286 presentibus

238 4305 472 4370 venerabilibus
494 4311 524 4369 et
545 4305 686 4368 discretis
710 4306 785 4368 viris
806 4303 1051 4368 dominislliano
1072 4301 1244 4366 deAmelia
1264 4301 1406 4365 auditore
1427 4304 1543 4378 nostro,

239 4404 400 4467 Anthonio
432 4403 603 4486 presbitero
625 4401 810 4486 Oorphiensi
841 4409 872 4466 ct
905 4401 1044 4465 Arnoldo
1077 4400 1168 4464 Haen
1196 4400 1308 4463 clerico
1336 4398 1543 4461 Traiectensis

239 4502 381 4581 diocesis,
400 4500 535 4564 testibus
556 4502 596 4565 ad
615 4503 770 4584 premissa
791 4504 909 4566 vocatis
931 4500 1106 4584 specialiter
1127 4504 1158 4562 et
1177 4499 1317 4581 rogatisl

292 4609 439 4658 timhlehtsq.
449 4610 471 4650 d.
480 4611 516 4649 Pr.
527 4611 549 4649 b.
565 4610 641 4649 Erfnrt
652 4609 726 4650 XXIV.
742 4613 754 4648 2
1359 4611 1391 4662 39
