3525 5209
277 375 327 428 loo
632 373 907 444 Geschichtsquellen
925 373 974 428 der
992 373 1073 430 Prov.
1092 373 1223 430 Sachnen.

266 522 450 602 solvuntur,
482 523 522 586 de
546 543 605 587 sua
630 529 662 587 et
687 543 743 608 per
768 543 829 589 sua
853 527 980 608 propria
1007 527 1142 609 pecrrnia
1167 527 1251 589 iusto
1278 527 1452 609 empcionis
1473 525 1576 606 tytulo

267 622 344 685 emit
363 627 459 704 atque
478 623 686 704 comparavit,
714 623 866 706 qnodque
886 623 970 686 idern
997 623 1182 686 Guntherus
1202 625 1233 686 in
1257 625 1355 687 nostri
1372 630 1497 706 proptor
1518 623 1577 686 hoo

267 721 430 803 presencia
449 721 639 783 constitutus
659 719 698 783 de
718 721 864 804 predictis
883 739 941 784 sex
962 722 1081 784 mansis
1102 727 1166 785 tres
1186 739 1315 784 mansos
1337 720 1482 804 hospitali
1506 739 1575 803 pre-

268 818 350 880 dicto
371 837 427 900 pro
448 817 600 896 singulari
623 818 739 882 solacio
760 817 960 881 infirmorum
981 819 1123 882 eiusdem
1145 819 1306 901 hospitalis
1328 818 1425 896 dedit,
1447 819 1577 882 donavit

264 921 296 978 ot
304 915 440 993 tradidit,
460 914 522 993 dat,
544 915 685 978 donatae
698 915 794 978 trodit
804 915 941 999 perlecta
952 914 1126 979 donaciono
1136 916 1220 980 inter
1232 917 1321 979 vivos
1331 914 1576 979 irrevocabiliter

265 1013 437 1095 disponens
458 1031 532 1075 cum
553 1011 671 1076 eisdem
694 1012 798 1076 tribus
817 1014 938 1076 mansis
959 1013 1028 1090 tale,
1048 1020 1085 1076 ut
1104 1012 1323 1092 subscribitur,
1344 1019 1576 1090 testamentum,

264 1110 410 1174 videlicet
439 1111 523 1194 quod
557 1111 698 1194 prelatus
726 1110 912 1174 Giintherns
938 1111 1029 1174 debet
1054 1111 1224 1193 predictam
1254 1113 1438 1194 pensionem
1460 1130 1573 1176 novom

264 1207 456 1272 maldrorum
494 1208 609 1272 habere
640 1209 679 1272 od
712 1216 853 1292 tempora
878 1210 942 1272 vite
964 1227 1035 1286 sue,
1061 1216 1093 1272 et
1113 1215 1183 1292 post
1203 1211 1304 1292 ipsius
1328 1215 1461 1273 mortem
1483 1209 1575 1274 debet

264 1306 414 1385 magister
436 1306 599 1389 hospitalis
615 1326 672 1389 pro
692 1314 834 1388 tempore
853 1308 995 1370 existens
1014 1307 1153 1389 predicta
1174 1325 1289 1370 novem
1307 1307 1575 1372 mnldravendere

263 1405 428 1466 annuatim
455 1409 487 1466 et
513 1403 552 1466 de
579 1406 682 1487 precio
710 1404 883 1468 eorundem
914 1403 1043 1466 cuilibet
1071 1403 1197 1468 infirmo
1219 1406 1253 1466 in
1271 1406 1339 1487 ipso
1358 1405 1504 1488 hospitali
1522 1406 1575 1470 de·

262 1501 350 1583 genti
393 1520 496 1564 unum
534 1500 699 1565 denarium
732 1501 957 1565 Erfurdensenr
995 1519 1118 1584 semper
1149 1521 1205 1585 per
1235 1503 1395 1585 quindeno
1433 1505 1574 1586 spacium

264 1599 451 1674 ministrare,
471 1603 503 1661 et
523 1619 607 1662 anno
629 1597 760 1677 effluxo,
781 1599 934 1682 quioquid
946 1617 1042 1682 super
1063 1607 1111 1662 est
1127 1599 1378 1664 volremenetde
1392 1600 1573 1665 huiusmodi

263 1697 411 1779 pecunia,
434 1697 494 1759 hoc
522 1696 751 1762 infirmioribus
771 1696 907 1762 infirmis
938 1697 1080 1762 eiusdem
1112 1697 1277 1782 hospitalis
1303 1697 1395 1762 debet
1425 1701 1575 1782 magister

263 1793 427 1876 hospitalis
447 1812 504 1877 pro
524 1801 666 1878 tempore
690 1797 830 1860 existens
858 1796 933 1859 dore
955 1802 987 1860 et
1011 1794 1165 1878 equaliter
1186 1797 1373 1860 ministrare.
1410 1797 1460 1860 Ad
1487 1797 1572 1880 quod

263 1893 362 1954 eciem
384 1891 561 1974 provisores
579 1893 711 1976 predicti
732 1894 895 1976 hospitalis
913 1913 969 1977 pro
991 1900 1131 1976 tempore
1151 1895 1321 1957 existentes
1340 1893 1455 1958 debent
1468 1896 1574 1960 videre

265 1993 296 2052 et
317 1991 482 2071 respicere,
503 1990 588 2072 quod
609 1991 773 2074 premissa,
793 1996 888 2074 prout
900 1993 1076 2075 conscripta
1096 1999 1182 2070 sunt,
1203 1990 1372 2073 procedent
1385 1996 1416 2055 et
1438 2011 1494 2074 per
1507 2012 1575 2075 pre·

264 2086 365 2150 fatum
387 2087 550 2170 hospitalis
569 2090 755 2171 magistrum
777 2109 834 2172 pro
855 2096 995 2173 tempore
1016 2089 1204 2152 existentem
1213 2089 1359 2152 effectum
1369 2087 1473 2154 debite
1484 2111 1573 2154 man-

262 2185 415 2266 cipentur.
462 2184 500 2247 lu
528 2205 665 2268 qnorum
707 2188 923 2252 testimonium
957 2186 1099 2271 sigillum
1130 2187 1267 2252 civitatis
1298 2186 1498 2253 llrlordensis
1533 2190 1573 2253 ad

262 2283 385 2345 iussum
425 2283 569 2366 quinque
600 2284 767 2348 consulum
806 2285 1046 2348 Erlordensium
1079 2282 1277 2368 presentibus
1306 2290 1355 2348 ost
1386 2305 1571 2370 appensum·
1665 2317 1672 2331 ·

262 2377 379 2443 Datum
401 2400 484 2444 anno
506 2379 633 2445 Domini
657 2379 703 2444 Μο
714 2381 803 2445 000⁰
818 2381 965 2446 XXXV⁰
986 2383 1020 2445 in
1036 2381 1087 2446 die
1103 2381 1186 2446 beati
1202 2381 1308 2466 Egidii
1326 2383 1523 2449 confessoris.

363 2530 375 2560 ⁸
395 2531 431 2585 s0
447 2531 497 2600 aa
517 2531 627 2587 norma
643 2533 689 2587 aa
708 2533 754 2588 or.

261 2769 374 2852 1335.
403 2771 716 2872 sentement.
1484 2778 1571 2860 135.

364 2905 539 2985 Hermann,
558 2906 651 2990 Gros
665 2928 723 2972 oon
736 2908 893 2986 Glcicben,
913 2911 993 2990 piebt
1005 2911 1413 2994 seineEinwilliquupsum
1430 2913 1577 2997 Verlconf

362 3003 418 3068 der
436 3003 551 3086 Hdlftc
570 3007 624 3069 des
643 3006 812 3070 weltlicben
833 3007 992 3070 Gericbtes
1011 3029 1052 3072 an
1063 3009 1236 3074 Btlssleben
1257 3012 1370 3074 seitcns
1390 3013 1444 3076 dos
1455 3011 1572 3076 Sermi-

361 3103 462 3185 stittes
481 3124 523 3168 su
544 3103 666 3188 Erfurt
685 3126 729 3168 an
750 3104 811 3168 den
832 3103 898 3168 Rot
920 3105 1052 3170 doselbst

415 3221 459 3276 Or.
479 3222 528 3277 neit
546 3221 572 3280 S.
595 3224 633 3276 im
652 3221 714 3292 Καὶ,
732 3223 771 3278 St.
784 3227 817 3281 A.
828 3241 863 3277 sn
881 3223 922 3278 M.

344 3361 410 3424 Nos
436 3361 656 3437 Hermannus,
677 3361 737 3427 Dei
757 3366 864 3447 gracia
897 3383 1002 3429 comes
1033 3367 1066 3428 in
1099 3365 1245 3444 Glichen,
1267 3369 1522 3450 recognoscimus
1541 3373 1572 3430 ot

264 3455 374 3522 tenore
394 3461 593 3542 presencium
613 3459 798 3545 profitemur
814 3461 941 3546 publice
962 3463 1145 3542 litterarum,
1165 3465 1260 3548 quod,
1283 3483 1356 3528 curn
1372 3463 1571 3528 honorabiles

263 3557 323 3618 viri
344 3558 463 3620 domini
487 3605 512 3618 ..
533 3559 673 3622 decanus
693 3565 725 3622 et
745 3609 773 3622 ..
795 3560 970 3644 capitulum
991 3561 1121 3625 ecclesie
1136 3563 1235 3624 sancti
1250 3563 1356 3625 Severi
1367 3561 1567 3626 Eriordensis

263 3655 302 3716 de
330 3660 436 3718 nostro
463 3657 558 3732 scito,
583 3675 742 3720 consensu
771 3665 803 3721 et
828 3658 912 3722 bona
947 3660 1107 3723 voluntate
1134 3661 1217 3722 iusto
1244 3660 1435 3724 venditionis
1466 3660 1568 3740 tytulo
1667 3736 1671 3742 η

264 3751 466 3815 vendiderint
485 3753 693 3836 prudentibus
713 3756 791 3819 viris
809 3757 969 3838 magistris
990 3756 1170 3836 consulum,
1192 3805 1218 3819 ..
1240 3758 1426 3822 oonsulibus
1447 3763 1478 3821 et
1498 3759 1571 3821 uni·

265 3850 404 3912 versitati
430 3851 566 3914 civitatis
596 3850 797 3916 Erlordensis
824 3854 961 3918 mediam
994 3861 1114 3938 partem
1140 3855 1366 3918 iurisdictionis
1389 3855 1569 3939 temporalis

262 3949 296 4011 in
318 3947 513 4026 aneleibin,
533 3968 589 4032 per
610 3969 668 4012 nos
688 3950 766 4013 olias
782 3953 842 4015 rite
862 3959 894 4014 et
914 3951 1141 4015 rationabiliter
1161 3955 1400 4037 appropriatam,
1421 3962 1452 4017 et
1473 3973 1569 4038 quam

263 4045 458 4111 decanus-et
482 4047 655 4129 capitulum
681 4047 811 4130 predicti
834 4051 986 4113 hactenus
1009 4056 1160 4134 tanquam
1179 4053 1336 4134 propriam
1358 4057 1389 4116 et
1410 4052 1571 4134 legittime,

263 4149 300 4207 ut
319 4145 502 4227 predicitur,
531 4148 759 4230 appropriatam
781 4154 955 4212 tennerunt
974 4155 1005 4214 et
1025 4147 1153 4232 pacifice
1174 4150 1389 4234 possiderunt,
1414 4169 1473 4214 nos
1493 4169 1570 4213 ven-

263 4242 419 4306 dicionem
440 4244 623 4309 huiusmodi
649 4245 751 4308 medie
771 4247 868 4328 partis
890 4247 1117 4310 iurisdictionis
1135 4247 1271 4329 predicte
1287 4255 1385 4310 ratam
1401 4253 1432 4311 et
1446 4254 1567 4332 gratam

264 4340 429 4419 habentes,
449 4342 481 4404 in
506 4344 716 4425 quantumin
740 4342 831 4406 nobis
855 4350 918 4423 est,
944 4343 1143 4426 presentibus
1175 4344 1397 4428 approbemus,
1417 4345 1569 4422 volentes,

265 4439 348 4521 quod
378 4439 525 4502 consules
551 4447 583 4502 ot
608 4441 799 4504 universitas
828 4442 999 4523 supradicti
1028 4443 1191 4505 occasione
1223 4445 1449 4525 premissorum
1477 4443 1569 4508 iuris·

264 4536 434 4602 dictionem
462 4544 631 4623 protectam
661 4537 758 4601 libere
783 4540 905 4623 possint
925 4545 956 4601 et
977 4539 1101 4603 valeant
1128 4559 1275 4604 exercere
1304 4542 1470 4624 ipsamque
1491 4545 1570 4606 tam-
