<?xml version="1.0" encoding="UTF-8"?>
<!DOCTYPE html PUBLIC "-//W3C//DTD XHTML 1.0 Transitional//EN"
    "http://www.w3.org/TR/xhtml1/DTD/xhtml1-transitional.dtd">
<html xmlns="http://www.w3.org/1999/xhtml" xml:lang="en" lang="en">
 <head>
  <title>
</title>
<meta http-equiv="Content-Type" content="text/html;charset=utf-8" />
  <meta name='ocr-system' content='tesseract 3.04.00' />
  <meta name='ocr-capabilities' content='ocr_page ocr_carea ocr_par ocr_line ocrx_word'/>
</head>
<body>
  <div class='ocr_page' id='page_1' title='image "./urkundenbuchder04sachgoog_0716.png"; bbox 0 0 3525 5209; ppageno 0'>
   <div class='ocr_carea' id='block_1_1' title="bbox 504 428 1506 490">
    <p class='ocr_par' dir='ltr' id='par_1_1' title="bbox 504 428 1506 490">
     <span class='ocr_line' id='line_1_1' title="bbox 504 428 1506 490; baseline -0.001 -4"><span class='ocrx_word' id='word_1_1' title='bbox 504 429 734 487; x_wconf 83' lang='lat' dir='ltr'>Urkundenbuch</span> <span class='ocrx_word' id='word_1_2' title='bbox 754 428 802 486; x_wconf 89' lang='lat' dir='ltr'>der</span> <span class='ocrx_word' id='word_1_3' title='bbox 821 430 904 487; x_wconf 85' lang='lat' dir='ltr'>Stadt</span> <span class='ocrx_word' id='word_1_4' title='bbox 924 432 1027 486; x_wconf 76' lang='lat' dir='ltr'>Erfurt</span> <span class='ocrx_word' id='word_1_5' title='bbox 1066 430 1105 490; x_wconf 82' lang='grc' dir='ltr'>ΙΙ.</span> <span class='ocrx_word' id='word_1_6' title='bbox 1124 430 1210 488; x_wconf 87' lang='lat' dir='ltr'>Theil.</span> <span class='ocrx_word' id='word_1_7' title='bbox 1455 430 1506 486; x_wconf 74' lang='grc'>703</span> 
     </span>
    </p>
   </div>
   <div class='ocr_carea' id='block_1_2' title="bbox 119 582 1521 3520">
    <p class='ocr_par' dir='ltr' id='par_1_2' title="bbox 119 582 1521 2041">
     <span class='ocr_line' id='line_1_2' title="bbox 201 582 1506 665; baseline 0.008 -22"><span class='ocrx_word' id='word_1_8' title='bbox 201 583 269 644; x_wconf 89' lang='lat' dir='ltr'>vice</span> <span class='ocrx_word' id='word_1_9' title='bbox 294 582 461 661; x_wconf 73' lang='lat' dir='ltr'><strong>duntaxat,</strong></span> <span class='ocrx_word' id='word_1_10' title='bbox 489 585 633 665; x_wconf 84' lang='lat' dir='ltr'>personis</span> <span class='ocrx_word' id='word_1_11' title='bbox 661 584 879 647; x_wconf 82' lang='lat' dir='ltr'>ecclesiasticis</span> <span class='ocrx_word' id='word_1_12' title='bbox 906 594 934 646; x_wconf 91' lang='lat' dir='ltr'>et</span> <span class='ocrx_word' id='word_1_13' title='bbox 960 584 1155 647; x_wconf 87' lang='lat' dir='ltr'>secularibus</span> <span class='ocrx_word' id='word_1_14' title='bbox 1176 584 1256 647; x_wconf 88' lang='lat' dir='ltr'>infra</span> <span class='ocrx_word' id='word_1_15' title='bbox 1280 588 1431 650; x_wconf 86' lang='lat' dir='ltr'>terminos</span> <span class='ocrx_word' id='word_1_16' title='bbox 1453 596 1506 653; x_wconf 91' lang='lat' dir='ltr'>tue</span> 
     </span>
     <span class='ocr_line' id='line_1_3' title="bbox 201 680 1505 769; baseline 0.007 -28"><span class='ocrx_word' id='word_1_17' title='bbox 201 680 365 762; x_wconf 74' lang='lat' dir='ltr'>legationis</span> <span class='ocrx_word' id='word_1_18' title='bbox 386 681 646 754; x_wconf 84' lang='lat' dir='ltr'>consistentibus,</span> <span class='ocrx_word' id='word_1_19' title='bbox 672 683 854 745; x_wconf 88' lang='lat' dir='ltr'>buiusmodi</span> <span class='ocrx_word' id='word_1_20' title='bbox 876 688 931 745; x_wconf 91' lang='lat' dir='ltr'>tua</span> <span class='ocrx_word' id='word_1_21' title='bbox 951 682 1106 764; x_wconf 77' lang='lat' dir='ltr'>legatione</span> <span class='ocrx_word' id='word_1_22' title='bbox 1128 684 1276 760; x_wconf 83' lang='lat' dir='ltr'>duranto,</span> <span class='ocrx_word' id='word_1_23' title='bbox 1308 690 1356 763; x_wconf 87' lang='lat' dir='ltr'>ut,</span> <span class='ocrx_word' id='word_1_24' title='bbox 1389 687 1415 749; x_wconf 90' lang='lat' dir='ltr'>si</span> <span class='ocrx_word' id='word_1_25' title='bbox 1437 706 1505 769; x_wconf 90' lang='lat' dir='ltr'>per·</span> 
     </span>
     <span class='ocr_line' id='line_1_4' title="bbox 201 778 1505 862; baseline 0.002 -22"><span class='ocrx_word' id='word_1_26' title='bbox 201 798 294 841; x_wconf 87' lang='lat' dir='ltr'>sonas</span> <span class='ocrx_word' id='word_1_27' title='bbox 320 778 405 861; x_wconf 89' lang='lat' dir='ltr'>ipsas</span> <span class='ocrx_word' id='word_1_28' title='bbox 427 778 475 841; x_wconf 90' lang='lat' dir='ltr'>vel</span> <span class='ocrx_word' id='word_1_29' title='bbox 498 798 607 842; x_wconf 89' lang='lat' dir='ltr'>earum</span> <span class='ocrx_word' id='word_1_30' title='bbox 630 779 769 862; x_wconf 84' lang='lat' dir='ltr'>aliquam</span> <span class='ocrx_word' id='word_1_31' title='bbox 795 781 900 843; x_wconf 86' lang='lat' dir='ltr'>forsan</span> <span class='ocrx_word' id='word_1_32' title='bbox 930 780 969 842; x_wconf 88' lang='lat' dir='ltr'>ad</span> <span class='ocrx_word' id='word_1_33' title='bbox 996 780 1077 859; x_wconf 91' lang='lat' dir='ltr'>loca,</span> <span class='ocrx_word' id='word_1_34' title='bbox 1104 779 1314 843; x_wconf 88' lang='lat' dir='ltr'>ecclesiastico</span> <span class='ocrx_word' id='word_1_35' title='bbox 1342 784 1505 848; x_wconf 89' lang='lat' dir='ltr'>interdicto</span> 
     </span>
     <span class='ocr_line' id='line_1_5' title="bbox 186 876 1505 959; baseline 0.006 -21"><span class='ocrx_word' id='word_1_36' title='bbox 186 878 369 958; x_wconf 73' lang='lat' dir='ltr'>supposita,</span> <span class='ocrx_word' id='word_1_37' title='bbox 388 877 553 958; x_wconf 89' lang='lat' dir='ltr'>contigerit</span> <span class='ocrx_word' id='word_1_38' title='bbox 568 876 735 954; x_wconf 84' lang='lat' dir='ltr'>declinare,</span> <span class='ocrx_word' id='word_1_39' title='bbox 758 878 847 941; x_wconf 86' lang='lat' dir='ltr'>liceat</span> <span class='ocrx_word' id='word_1_40' title='bbox 861 880 949 941; x_wconf 88' lang='lat' dir='ltr'>eiset</span> <span class='ocrx_word' id='word_1_41' title='bbox 963 877 1093 941; x_wconf 82' lang='lat' dir='ltr'>cuilibet</span> <span class='ocrx_word' id='word_1_42' title='bbox 1113 898 1221 942; x_wconf 90' lang='lat' dir='ltr'>earum</span> <span class='ocrx_word' id='word_1_43' title='bbox 1245 880 1276 941; x_wconf 94' lang='grc'>11</span> <span class='ocrx_word' id='word_1_44' title='bbox 1300 879 1368 959; x_wconf 88' lang='lat' dir='ltr'>illis,</span> <span class='ocrx_word' id='word_1_45' title='bbox 1389 882 1505 946; x_wconf 83' lang='lat' dir='ltr'>clurrsis</span> 
     </span>
     <span class='ocr_line' id='line_1_6' title="bbox 203 974 1505 1062; baseline 0.006 -26"><span class='ocrx_word' id='word_1_46' title='bbox 203 974 325 1051; x_wconf 84' lang='lat' dir='ltr'>ianrris,</span> <span class='ocrx_word' id='word_1_47' title='bbox 351 976 634 1039; x_wconf 83' lang='lat' dir='ltr'>excommunicatis</span> <span class='ocrx_word' id='word_1_48' title='bbox 665 982 697 1039; x_wconf 88' lang='lat' dir='ltr'>et</span> <span class='ocrx_word' id='word_1_49' title='bbox 722 977 896 1040; x_wconf 81' lang='lat' dir='ltr'>interdictis</span> <span class='ocrx_word' id='word_1_50' title='bbox 925 977 1077 1053; x_wconf 75' lang='lat' dir='ltr'>exclusis,</span> <span class='ocrx_word' id='word_1_51' title='bbox 1105 996 1168 1039; x_wconf 91' lang='lat' dir='ltr'>nen</span> <span class='ocrx_word' id='word_1_52' title='bbox 1191 978 1322 1059; x_wconf 86' lang='lat' dir='ltr'>pulsatis</span> <span class='ocrx_word' id='word_1_53' title='bbox 1343 984 1505 1062; x_wconf 87' lang='lat' dir='ltr'>campanis</span> 
     </span>
     <span class='ocr_line' id='line_1_7' title="bbox 201 1072 1506 1159; baseline 0.004 -23"><span class='ocrx_word' id='word_1_54' title='bbox 201 1081 230 1136; x_wconf 89' lang='lat' dir='ltr'>et</span> <span class='ocrx_word' id='word_1_55' title='bbox 259 1072 418 1136; x_wconf 88' lang='lat' dir='ltr'>submissa</span> <span class='ocrx_word' id='word_1_56' title='bbox 444 1092 520 1136; x_wconf 87' lang='lat' dir='ltr'>voce</span> <span class='ocrx_word' id='word_1_57' title='bbox 546 1075 578 1137; x_wconf 92' lang='lat' dir='ltr'>in</span> <span class='ocrx_word' id='word_1_58' title='bbox 607 1094 715 1137; x_wconf 88' lang='lat' dir='ltr'>eorum</span> <span class='ocrx_word' id='word_1_59' title='bbox 739 1083 769 1138; x_wconf 94' lang='lat' dir='ltr'>et</span> <span class='ocrx_word' id='word_1_60' title='bbox 791 1076 997 1138; x_wconf 81' lang='lat' dir='ltr'>familiarium</span> <span class='ocrx_word' id='word_1_61' title='bbox 1019 1094 1150 1138; x_wconf 89' lang='lat' dir='ltr'>suorum</span> <span class='ocrx_word' id='word_1_62' title='bbox 1173 1076 1415 1139; x_wconf 85' lang='lat' dir='ltr'>domesticorum</span> <span class='ocrx_word' id='word_1_63' title='bbox 1438 1099 1506 1159; x_wconf 89' lang='lat' dir='ltr'>pre-</span> 
     </span>
     <span class='ocr_line' id='line_1_8' title="bbox 200 1171 1506 1255; baseline 0.005 -21"><span class='ocrx_word' id='word_1_64' title='bbox 200 1172 314 1249; x_wconf 79' lang='lat' dir='ltr'>sentia,</span> <span class='ocrx_word' id='word_1_65' title='bbox 344 1172 471 1234; x_wconf 89' lang='lat' dir='ltr'>missam</span> <span class='ocrx_word' id='word_1_66' title='bbox 496 1179 525 1235; x_wconf 89' lang='lat' dir='ltr'>et</span> <span class='ocrx_word' id='word_1_67' title='bbox 547 1171 606 1234; x_wconf 90' lang='lat' dir='ltr'>alia</span> <span class='ocrx_word' id='word_1_68' title='bbox 625 1173 732 1236; x_wconf 75' lang='lat' dir='ltr'>(lirina</span> <span class='ocrx_word' id='word_1_69' title='bbox 754 1173 870 1252; x_wconf 87' lang='lat' dir='ltr'>officia,</span> <span class='ocrx_word' id='word_1_70' title='bbox 902 1174 927 1236; x_wconf 92' lang='lat' dir='ltr'>si</span> <span class='ocrx_word' id='word_1_71' title='bbox 951 1172 1113 1255; x_wconf 80' lang='lat' dir='ltr'>presbiteri</span> <span class='ocrx_word' id='word_1_72' title='bbox 1135 1175 1266 1250; x_wconf 87' lang='lat' dir='ltr'>fuerint,</span> <span class='ocrx_word' id='word_1_73' title='bbox 1288 1175 1456 1255; x_wconf 88' lang='lat' dir='ltr'>celebrare,</span> <span class='ocrx_word' id='word_1_74' title='bbox 1479 1180 1506 1240; x_wconf 89' lang='lat' dir='ltr'>si</span> 
     </span>
     <span class='ocr_line' id='line_1_9' title="bbox 119 1270 1505 1354; baseline 0.008 -26"><span class='ocrx_word' id='word_1_75' title='bbox 119 1272 122 1276; x_wconf 82' lang='lat'>&#39;</span> <span class='ocrx_word' id='word_1_76' title='bbox 202 1288 276 1333; x_wconf 90' lang='lat' dir='ltr'>vero</span> <span class='ocrx_word' id='word_1_77' title='bbox 308 1270 479 1348; x_wconf 85' lang='lat' dir='ltr'>seculares,</span> <span class='ocrx_word' id='word_1_78' title='bbox 513 1270 615 1332; x_wconf 91' lang='lat' dir='ltr'>facere</span> <span class='ocrx_word' id='word_1_79' title='bbox 646 1270 810 1349; x_wconf 89' lang='lat' dir='ltr'>celebrari,</span> <span class='ocrx_word' id='word_1_80' title='bbox 848 1272 1020 1334; x_wconf 88' lang='lat' dir='ltr'>dummodo</span> <span class='ocrx_word' id='word_1_81' title='bbox 1051 1272 1118 1354; x_wconf 92' lang='lat' dir='ltr'>ipse</span> <span class='ocrx_word' id='word_1_82' title='bbox 1149 1273 1196 1335; x_wconf 86' lang='lat' dir='ltr'>vol</span> <span class='ocrx_word' id='word_1_83' title='bbox 1229 1272 1303 1335; x_wconf 91' lang='lat' dir='ltr'>dicti</span> <span class='ocrx_word' id='word_1_84' title='bbox 1336 1273 1505 1339; x_wconf 82' lang='lat' dir='ltr'>familiares</span> 
     </span>
     <span class='ocr_line' id='line_1_10' title="bbox 200 1368 1507 1457; baseline 0.006 -27"><span class='ocrx_word' id='word_1_85' title='bbox 200 1388 328 1431; x_wconf 87' lang='lat' dir='ltr'>causam</span> <span class='ocrx_word' id='word_1_86' title='bbox 352 1387 413 1430; x_wconf 92' lang='lat' dir='ltr'>non</span> <span class='ocrx_word' id='word_1_87' title='bbox 438 1368 581 1430; x_wconf 86' lang='lat' dir='ltr'>dederint</span> <span class='ocrx_word' id='word_1_88' title='bbox 601 1370 781 1449; x_wconf 85' lang='lat' dir='ltr'>interdicte,</span> <span class='ocrx_word' id='word_1_89' title='bbox 810 1389 869 1433; x_wconf 89' lang='lat' dir='ltr'>uec</span> <span class='ocrx_word' id='word_1_90' title='bbox 890 1369 921 1433; x_wconf 93' lang='lat' dir='ltr'>id</span> <span class='ocrx_word' id='word_1_91' title='bbox 943 1369 1005 1433; x_wconf 89' lang='lat' dir='ltr'>illis</span> <span class='ocrx_word' id='word_1_92' title='bbox 1030 1369 1077 1433; x_wconf 90' lang='lat' dir='ltr'>vel</span> <span class='ocrx_word' id='word_1_93' title='bbox 1099 1370 1194 1433; x_wconf 89' lang='lat' dir='ltr'>alicui</span> <span class='ocrx_word' id='word_1_94' title='bbox 1214 1390 1322 1434; x_wconf 88' lang='lat' dir='ltr'>eorum</span> <span class='ocrx_word' id='word_1_95' title='bbox 1340 1374 1507 1457; x_wconf 88' lang='lat' dir='ltr'>contigerit</span> 
     </span>
     <span class='ocr_line' id='line_1_11' title="bbox 202 1467 1521 1553; baseline 0.006 -24"><span class='ocrx_word' id='word_1_96' title='bbox 202 1468 376 1550; x_wconf 83' lang='lat' dir='ltr'>specialiter</span> <span class='ocrx_word' id='word_1_97' title='bbox 404 1468 562 1541; x_wconf 76' lang='lat' dir='ltr'>interdici,</span> <span class='ocrx_word' id='word_1_98' title='bbox 592 1467 715 1550; x_wconf 89' lang='lat' dir='ltr'>plenam</span> <span class='ocrx_word' id='word_1_99' title='bbox 742 1468 946 1532; x_wconf 78' lang='lat' dir='ltr'>concedimus</span> <span class='ocrx_word' id='word_1_100' title='bbox 974 1472 1081 1531; x_wconf 88' lang='lat' dir='ltr'>tenore</span> <span class='ocrx_word' id='word_1_101' title='bbox 1101 1470 1294 1551; x_wconf 90' lang='lat' dir='ltr'>presentium</span> <span class='ocrx_word' id='word_1_102' title='bbox 1317 1470 1521 1553; x_wconf 88' lang='lat' dir='ltr'>facultatom,&#39;</span> 
     </span>
     <span class='ocr_line' id='line_1_12' title="bbox 199 1564 1505 1650; baseline 0.006 -24"><span class='ocrx_word' id='word_1_103' title='bbox 199 1566 310 1628; x_wconf 89' lang='lat' dir='ltr'>litteris</span> <span class='ocrx_word' id='word_1_104' title='bbox 331 1566 396 1627; x_wconf 91' lang='lat' dir='ltr'>tuis</span> <span class='ocrx_word' id='word_1_105' title='bbox 418 1585 513 1647; x_wconf 87' lang='lat' dir='ltr'>super</span> <span class='ocrx_word' id='word_1_106' title='bbox 536 1566 595 1627; x_wconf 91' lang='lat' dir='ltr'>boc</span> <span class='ocrx_word' id='word_1_107' title='bbox 613 1566 824 1629; x_wconf 87' lang='lat' dir='ltr'>concedendis</span> <span class='ocrx_word' id='word_1_108' title='bbox 844 1567 987 1648; x_wconf 86' lang='lat' dir='ltr'>personis</span> <span class='ocrx_word' id='word_1_109' title='bbox 1010 1567 1040 1627; x_wconf 92' lang='lat' dir='ltr'>iu</span> <span class='ocrx_word' id='word_1_110' title='bbox 1060 1564 1275 1631; x_wconf 87' lang='lat' dir='ltr'>abbacialibus</span> <span class='ocrx_word' id='word_1_111' title='bbox 1297 1569 1505 1650; x_wconf 80' lang='lat' dir='ltr'>dignitatibus</span> 
     </span>
     <span class='ocr_line' id='line_1_13' title="bbox 202 1662 1506 1747; baseline 0.005 -21"><span class='ocrx_word' id='word_1_112' title='bbox 202 1670 232 1726; x_wconf 90' lang='lat' dir='ltr'>ot</span> <span class='ocrx_word' id='word_1_113' title='bbox 254 1682 350 1746; x_wconf 88' lang='lat' dir='ltr'>supra</span> <span class='ocrx_word' id='word_1_114' title='bbox 370 1664 551 1726; x_wconf 87' lang='lat' dir='ltr'>constitutis</span> <span class='ocrx_word' id='word_1_115' title='bbox 572 1684 608 1726; x_wconf 91' lang='lat' dir='ltr'>ac</span> <span class='ocrx_word' id='word_1_116' title='bbox 621 1684 677 1746; x_wconf 92' lang='lat' dir='ltr'>pro</span> <span class='ocrx_word' id='word_1_117' title='bbox 694 1664 837 1746; x_wconf 88' lang='lat' dir='ltr'>regibus,</span> <span class='ocrx_word' id='word_1_118' title='bbox 858 1662 1006 1741; x_wconf 92' lang='lat' dir='ltr'>ducibus,</span> <span class='ocrx_word' id='word_1_119' title='bbox 1028 1662 1242 1747; x_wconf 78' lang='lat' dir='ltr'>principibuS,</span> <span class='ocrx_word' id='word_1_120' title='bbox 1263 1669 1506 1743; x_wconf 86' lang='lat' dir='ltr'>marchionibus,</span> 
     </span>
     <span class='ocr_line' id='line_1_14' title="bbox 200 1761 1505 1851; baseline 0.005 -27"><span class='ocrx_word' id='word_1_121' title='bbox 200 1761 406 1843; x_wconf 88' lang='lat' dir='ltr'>landgraviis,</span> <span class='ocrx_word' id='word_1_122' title='bbox 436 1761 605 1827; x_wconf 88' lang='lat' dir='ltr'>comitibus</span> <span class='ocrx_word' id='word_1_123' title='bbox 627 1767 658 1825; x_wconf 92' lang='lat' dir='ltr'>et</span> <span class='ocrx_word' id='word_1_124' title='bbox 676 1761 915 1825; x_wconf 82' lang='lat' dir='ltr'>vicecomitibus</span> <span class='ocrx_word' id='word_1_125' title='bbox 937 1762 975 1824; x_wconf 92' lang='lat' dir='ltr'>ad</span> <span class='ocrx_word' id='word_1_126' title='bbox 997 1782 1107 1825; x_wconf 88' lang='lat' dir='ltr'>eorum</span> <span class='ocrx_word' id='word_1_127' title='bbox 1130 1765 1225 1826; x_wconf 90' lang='lat' dir='ltr'>vitum</span> <span class='ocrx_word' id='word_1_128' title='bbox 1248 1764 1423 1846; x_wconf 86' lang='lat' dir='ltr'>duraturis,</span> <span class='ocrx_word' id='word_1_129' title='bbox 1453 1789 1505 1851; x_wconf 88' lang='lat' dir='ltr'>pro</span> 
     </span>
     <span class='ocr_line' id='line_1_15' title="bbox 201 1859 1506 1943; baseline 0.004 -20"><span class='ocrx_word' id='word_1_130' title='bbox 201 1862 271 1923; x_wconf 86' lang='lat' dir='ltr'>aliis</span> <span class='ocrx_word' id='word_1_131' title='bbox 309 1879 382 1922; x_wconf 89' lang='lat' dir='ltr'>vcro</span> <span class='ocrx_word' id='word_1_132' title='bbox 418 1861 560 1941; x_wconf 88' lang='lat' dir='ltr'>personis</span> <span class='ocrx_word' id='word_1_133' title='bbox 597 1860 843 1943; x_wconf 87' lang='lat' dir='ltr'>quibuscunque</span> <span class='ocrx_word' id='word_1_134' title='bbox 873 1868 943 1943; x_wconf 88' lang='lat' dir='ltr'>post</span> <span class='ocrx_word' id='word_1_135' title='bbox 973 1859 1162 1923; x_wconf 90' lang='lat' dir='ltr'>decennium</span> <span class='ocrx_word' id='word_1_136' title='bbox 1194 1864 1324 1927; x_wconf 91' lang='lat' dir='ltr'>minime</span> <span class='ocrx_word' id='word_1_137' title='bbox 1356 1866 1506 1930; x_wconf 75' lang='lat' dir='ltr'>valituris.</span> 
     </span>
     <span class='ocr_line' id='line_1_16' title="bbox 201 1957 1275 2041; baseline 0.002 -19"><span class='ocrx_word' id='word_1_138' title='bbox 201 1957 280 2022; x_wconf 88' lang='lat' dir='ltr'>Data</span> <span class='ocrx_word' id='word_1_139' title='bbox 305 1958 388 2021; x_wconf 79' lang='lat' dir='ltr'>brice</span> <span class='ocrx_word' id='word_1_140' title='bbox 411 1957 481 2021; x_wconf 93' lang='lat' dir='ltr'>Vll.</span> <span class='ocrx_word' id='word_1_141' title='bbox 503 1957 579 2021; x_wconf 92' lang='lat' dir='ltr'>Idus</span> <span class='ocrx_word' id='word_1_142' title='bbox 602 1957 675 2021; x_wconf 86' lang='lat' dir='ltr'>Maii</span> <span class='ocrx_word' id='word_1_143' title='bbox 697 1958 899 2041; x_wconf 88' lang='lat' dir='ltr'>pontificatus</span> <span class='ocrx_word' id='word_1_144' title='bbox 921 1959 1020 2021; x_wconf 90' lang='lat' dir='ltr'>nostri</span> <span class='ocrx_word' id='word_1_145' title='bbox 1042 1978 1126 2021; x_wconf 90' lang='lat' dir='ltr'>anno</span> <span class='ocrx_word' id='word_1_146' title='bbox 1148 1960 1275 2024; x_wconf 90' lang='lat' dir='ltr'>decimo.</span> 
     </span>
    </p>

    <p class='ocr_par' dir='ltr' id='par_1_3' title="bbox 201 2056 1508 3520">
     <span class='ocr_line' id='line_1_17' title="bbox 282 2056 1506 2139; baseline 0.005 -19"><span class='ocrx_word' id='word_1_147' title='bbox 282 2056 424 2133; x_wconf 84' lang='lat' dir='ltr'>Quarum</span> <span class='ocrx_word' id='word_1_148' title='bbox 441 2058 547 2137; x_wconf 86' lang='lat' dir='ltr'>vigore</span> <span class='ocrx_word' id='word_1_149' title='bbox 564 2077 601 2119; x_wconf 89' lang='lat' dir='ltr'>ac</span> <span class='ocrx_word' id='word_1_150' title='bbox 615 2059 726 2119; x_wconf 90' lang='lat' dir='ltr'>vestris</span> <span class='ocrx_word' id='word_1_151' title='bbox 738 2057 860 2119; x_wconf 90' lang='lat' dir='ltr'>devotis</span> <span class='ocrx_word' id='word_1_152' title='bbox 871 2056 1154 2139; x_wconf 87' lang='lat' dir='ltr'>supplicationibus</span> <span class='ocrx_word' id='word_1_153' title='bbox 1169 2058 1321 2138; x_wconf 92' lang='lat' dir='ltr'>inclinati,</span> <span class='ocrx_word' id='word_1_154' title='bbox 1335 2066 1376 2136; x_wconf 89' lang='lat' dir='ltr'>ut,</span> <span class='ocrx_word' id='word_1_155' title='bbox 1390 2062 1415 2124; x_wconf 87' lang='lat' dir='ltr'>si</span> <span class='ocrx_word' id='word_1_156' title='bbox 1428 2063 1506 2127; x_wconf 86' lang='lat' dir='ltr'>torte</span> 
     </span>
     <span class='ocr_line' id='line_1_18' title="bbox 202 2154 1506 2243; baseline 0.005 -26"><span class='ocrx_word' id='word_1_157' title='bbox 202 2177 259 2220; x_wconf 88' lang='lat' dir='ltr'>vos</span> <span class='ocrx_word' id='word_1_158' title='bbox 288 2155 335 2218; x_wconf 89' lang='lat' dir='ltr'>rel</span> <span class='ocrx_word' id='word_1_159' title='bbox 357 2155 494 2238; x_wconf 83' lang='lat' dir='ltr'>aliquem</span> <span class='ocrx_word' id='word_1_160' title='bbox 529 2162 669 2218; x_wconf 85' lang='lat' dir='ltr'>restrum</span> <span class='ocrx_word' id='word_1_161' title='bbox 707 2155 746 2217; x_wconf 89' lang='lat' dir='ltr'>ad</span> <span class='ocrx_word' id='word_1_162' title='bbox 778 2154 859 2232; x_wconf 88' lang='lat' dir='ltr'>loca,</span> <span class='ocrx_word' id='word_1_163' title='bbox 900 2154 1110 2218; x_wconf 87' lang='lat' dir='ltr'>ecclesiastico</span> <span class='ocrx_word' id='word_1_164' title='bbox 1141 2156 1305 2221; x_wconf 86' lang='lat' dir='ltr'>interdicta</span> <span class='ocrx_word' id='word_1_165' title='bbox 1337 2162 1506 2243; x_wconf 88' lang='lat' dir='ltr'>supposita,</span> 
     </span>
     <span class='ocr_line' id='line_1_19' title="bbox 201 2251 1507 2336; baseline 0.003 -18"><span class='ocrx_word' id='word_1_166' title='bbox 201 2255 358 2318; x_wconf 89' lang='lat' dir='ltr'>declinare</span> <span class='ocrx_word' id='word_1_167' title='bbox 372 2254 545 2336; x_wconf 85' lang='lat' dir='ltr'>contigerit,</span> <span class='ocrx_word' id='word_1_168' title='bbox 565 2253 656 2316; x_wconf 89' lang='lat' dir='ltr'>liceat</span> <span class='ocrx_word' id='word_1_169' title='bbox 672 2251 761 2316; x_wconf 91' lang='lat' dir='ltr'>robis</span> <span class='ocrx_word' id='word_1_170' title='bbox 780 2254 812 2315; x_wconf 93' lang='lat' dir='ltr'>in</span> <span class='ocrx_word' id='word_1_171' title='bbox 829 2253 893 2317; x_wconf 88' lang='lat' dir='ltr'>illis</span> <span class='ocrx_word' id='word_1_172' title='bbox 909 2253 1025 2316; x_wconf 88' lang='lat' dir='ltr'>clausis</span> <span class='ocrx_word' id='word_1_173' title='bbox 1041 2255 1154 2332; x_wconf 85' lang='lat' dir='ltr'>ianuis,</span> <span class='ocrx_word' id='word_1_174' title='bbox 1178 2259 1461 2321; x_wconf 86' lang='lat' dir='ltr'>excommunicatis</span> <span class='ocrx_word' id='word_1_175' title='bbox 1477 2268 1507 2322; x_wconf 90' lang='lat' dir='ltr'>et</span> 
     </span>
     <span class='ocr_line' id='line_1_20' title="bbox 201 2352 1507 2435; baseline 0.002 -20"><span class='ocrx_word' id='word_1_176' title='bbox 201 2352 377 2416; x_wconf 90' lang='lat' dir='ltr'>interdictis</span> <span class='ocrx_word' id='word_1_177' title='bbox 405 2352 557 2430; x_wconf 84' lang='lat' dir='ltr'>exclusis,</span> <span class='ocrx_word' id='word_1_178' title='bbox 579 2372 642 2414; x_wconf 93' lang='lat' dir='ltr'>nou</span> <span class='ocrx_word' id='word_1_179' title='bbox 668 2352 800 2435; x_wconf 89' lang='lat' dir='ltr'>pulsatis</span> <span class='ocrx_word' id='word_1_180' title='bbox 821 2352 984 2435; x_wconf 89' lang='lat' dir='ltr'>campanis</span> <span class='ocrx_word' id='word_1_181' title='bbox 1005 2358 1036 2413; x_wconf 91' lang='lat' dir='ltr'>et</span> <span class='ocrx_word' id='word_1_182' title='bbox 1057 2354 1228 2415; x_wconf 88' lang='lat' dir='ltr'>summissa</span> <span class='ocrx_word' id='word_1_183' title='bbox 1249 2372 1324 2417; x_wconf 88' lang='lat' dir='ltr'>voce</span> <span class='ocrx_word' id='word_1_184' title='bbox 1351 2356 1382 2417; x_wconf 95' lang='grc'>11</span> <span class='ocrx_word' id='word_1_185' title='bbox 1404 2362 1507 2419; x_wconf 89' lang='lat' dir='ltr'>restra</span> 
     </span>
     <span class='ocr_line' id='line_1_21' title="bbox 201 2449 1507 2535; baseline 0.002 -20"><span class='ocrx_word' id='word_1_186' title='bbox 201 2459 232 2515; x_wconf 90' lang='lat' dir='ltr'>et</span> <span class='ocrx_word' id='word_1_187' title='bbox 253 2459 393 2515; x_wconf 89' lang='lat' dir='ltr'>vestrum</span> <span class='ocrx_word' id='word_1_188' title='bbox 410 2449 579 2514; x_wconf 82' lang='lat' dir='ltr'>‹utiuslibet</span> <span class='ocrx_word' id='word_1_189' title='bbox 597 2472 633 2513; x_wconf 89' lang='lat' dir='ltr'>ac</span> <span class='ocrx_word' id='word_1_190' title='bbox 648 2451 853 2513; x_wconf 85' lang='lat' dir='ltr'>familiarium</span> <span class='ocrx_word' id='word_1_191' title='bbox 876 2454 1052 2514; x_wconf 90' lang='lat' dir='ltr'>vestrorum</span> <span class='ocrx_word' id='word_1_192' title='bbox 1074 2449 1318 2514; x_wconf 90' lang='lat' dir='ltr'>domesticorum</span> <span class='ocrx_word' id='word_1_193' title='bbox 1346 2456 1507 2535; x_wconf 85' lang='lat' dir='ltr'>presencia</span> 
     </span>
     <span class='ocr_line' id='line_1_22' title="bbox 203 2548 1504 2626; baseline 0.001 -13"><span class='ocrx_word' id='word_1_194' title='bbox 203 2552 331 2614; x_wconf 90' lang='lat' dir='ltr'>missam</span> <span class='ocrx_word' id='word_1_195' title='bbox 365 2557 395 2613; x_wconf 90' lang='lat' dir='ltr'>et</span> <span class='ocrx_word' id='word_1_196' title='bbox 423 2549 483 2612; x_wconf 86' lang='lat' dir='ltr'>alia</span> <span class='ocrx_word' id='word_1_197' title='bbox 513 2549 621 2611; x_wconf 88' lang='lat' dir='ltr'>divina</span> <span class='ocrx_word' id='word_1_198' title='bbox 649 2549 752 2612; x_wconf 87' lang='lat' dir='ltr'>officia</span> <span class='ocrx_word' id='word_1_199' title='bbox 779 2550 882 2611; x_wconf 88' lang='lat' dir='ltr'>facere</span> <span class='ocrx_word' id='word_1_200' title='bbox 904 2548 1069 2626; x_wconf 87' lang='lat' dir='ltr'>celebrari,</span> <span class='ocrx_word' id='word_1_201' title='bbox 1101 2548 1272 2612; x_wconf 90' lang='lat' dir='ltr'>dummodo</span> <span class='ocrx_word' id='word_1_202' title='bbox 1300 2570 1356 2613; x_wconf 89' lang='lat' dir='ltr'>vos</span> <span class='ocrx_word' id='word_1_203' title='bbox 1384 2552 1432 2614; x_wconf 89' lang='lat' dir='ltr'>rel</span> <span class='ocrx_word' id='word_1_204' title='bbox 1461 2552 1504 2614; x_wconf 95' lang='grc'><strong>1111</strong></span> 
     </span>
     <span class='ocr_line' id='line_1_23' title="bbox 202 2643 1507 2732; baseline 0 -19"><span class='ocrx_word' id='word_1_205' title='bbox 202 2669 330 2713; x_wconf 75' lang='lat' dir='ltr'>calisam</span> <span class='ocrx_word' id='word_1_206' title='bbox 361 2668 424 2710; x_wconf 92' lang='lat' dir='ltr'>non</span> <span class='ocrx_word' id='word_1_207' title='bbox 450 2648 598 2711; x_wconf 91' lang='lat' dir='ltr'>dederitis</span> <span class='ocrx_word' id='word_1_208' title='bbox 629 2648 807 2727; x_wconf 84' lang='lat' dir='ltr'>interdicto,</span> <span class='ocrx_word' id='word_1_209' title='bbox 839 2667 896 2710; x_wconf 92' lang='lat' dir='ltr'>uec</span> <span class='ocrx_word' id='word_1_210' title='bbox 922 2648 955 2709; x_wconf 91' lang='lat' dir='ltr'>id</span> <span class='ocrx_word' id='word_1_211' title='bbox 984 2645 1072 2709; x_wconf 91' lang='lat' dir='ltr'>vobis</span> <span class='ocrx_word' id='word_1_212' title='bbox 1100 2646 1149 2709; x_wconf 91' lang='lat' dir='ltr'>vel</span> <span class='ocrx_word' id='word_1_213' title='bbox 1171 2643 1234 2710; x_wconf 90' lang='lat' dir='ltr'>illis</span> <span class='ocrx_word' id='word_1_214' title='bbox 1254 2650 1418 2731; x_wconf 85' lang='lat' dir='ltr'>contigerit</span> <span class='ocrx_word' id='word_1_215' title='bbox 1439 2652 1507 2732; x_wconf 89' lang='lat' dir='ltr'>s&#39;pc·</span> 
     </span>
     <span class='ocr_line' id='line_1_24' title="bbox 202 2746 1506 2829; baseline -0.001 -19"><span class='ocrx_word' id='word_1_216' title='bbox 202 2748 322 2810; x_wconf 85' lang='lat' dir='ltr'>cialiter</span> <span class='ocrx_word' id='word_1_217' title='bbox 345 2746 500 2825; x_wconf 87' lang='lat' dir='ltr'>interdici,</span> <span class='ocrx_word' id='word_1_218' title='bbox 523 2748 706 2808; x_wconf 89' lang='lat' dir='ltr'>auctoritate</span> <span class='ocrx_word' id='word_1_219' title='bbox 729 2746 820 2808; x_wconf 90' lang='lat' dir='ltr'>uobis</span> <span class='ocrx_word' id='word_1_220' title='bbox 841 2746 872 2807; x_wconf 94' lang='grc'>111</span> <span class='ocrx_word' id='word_1_221' title='bbox 898 2746 954 2807; x_wconf 84' lang='lat' dir='ltr'>bac</span> <span class='ocrx_word' id='word_1_222' title='bbox 975 2751 1061 2827; x_wconf 89' lang='lat' dir='ltr'>parte</span> <span class='ocrx_word' id='word_1_223' title='bbox 1081 2763 1231 2808; x_wconf 86' lang='lat' dir='ltr'>cancessa</span> <span class='ocrx_word' id='word_1_224' title='bbox 1252 2755 1359 2809; x_wconf 89' lang='lat' dir='ltr'>tenore</span> <span class='ocrx_word' id='word_1_225' title='bbox 1381 2766 1506 2829; x_wconf 87' lang='lat' dir='ltr'>presen-</span> 
     </span>
     <span class='ocr_line' id='line_1_25' title="bbox 202 2843 1506 2928; baseline 0 -19"><span class='ocrx_word' id='word_1_226' title='bbox 202 2849 281 2909; x_wconf 93' lang='lat' dir='ltr'>tinm</span> <span class='ocrx_word' id='word_1_227' title='bbox 304 2845 525 2928; x_wconf 83' lang='lat' dir='ltr'>indulgemus,</span> <span class='ocrx_word' id='word_1_228' title='bbox 547 2843 745 2926; x_wconf 89' lang='lat' dir='ltr'>presentibus</span> <span class='ocrx_word' id='word_1_229' title='bbox 767 2851 836 2927; x_wconf 91' lang='lat' dir='ltr'>post</span> <span class='ocrx_word' id='word_1_230' title='bbox 857 2844 1046 2907; x_wconf 87' lang='lat' dir='ltr'>decennium</span> <span class='ocrx_word' id='word_1_231' title='bbox 1072 2843 1203 2907; x_wconf 91' lang='lat' dir='ltr'>minime</span> <span class='ocrx_word' id='word_1_232' title='bbox 1225 2844 1377 2910; x_wconf 88' lang='lat' dir='ltr'>valituris.</span> <span class='ocrx_word' id='word_1_233' title='bbox 1419 2844 1506 2909; x_wconf 92' lang='lat' dir='ltr'>Nulli</span> 
     </span>
     <span class='ocr_line' id='line_1_26' title="bbox 202 2942 1507 3027; baseline -0.001 -18"><span class='ocrx_word' id='word_1_234' title='bbox 202 2964 275 3027; x_wconf 89' lang='lat' dir='ltr'>ergo</span> <span class='ocrx_word' id='word_1_235' title='bbox 291 2945 421 3008; x_wconf 90' lang='lat' dir='ltr'>omnino</span> <span class='ocrx_word' id='word_1_236' title='bbox 437 2944 602 3006; x_wconf 89' lang='lat' dir='ltr'>bominum</span> <span class='ocrx_word' id='word_1_237' title='bbox 621 2943 712 3007; x_wconf 90' lang='lat' dir='ltr'>liceat</span> <span class='ocrx_word' id='word_1_238' title='bbox 727 2942 807 3005; x_wconf 87' lang='lat' dir='ltr'>banc</span> <span class='ocrx_word' id='word_1_239' title='bbox 823 2944 970 3025; x_wconf 87' lang='lat' dir='ltr'>paginam</span> <span class='ocrx_word' id='word_1_240' title='bbox 984 2947 1089 3005; x_wconf 84' lang='lat' dir='ltr'>nostre</span> <span class='ocrx_word' id='word_1_241' title='bbox 1104 2943 1316 3006; x_wconf 70' lang='lat' dir='ltr'>‹rouvressiouis</span> <span class='ocrx_word' id='word_1_242' title='bbox 1329 2944 1507 3027; x_wconf 88' lang='lat' dir='ltr'>infringere,</span> 
     </span>
     <span class='ocr_line' id='line_1_27' title="bbox 204 3040 1507 3125; baseline 0.002 -21"><span class='ocrx_word' id='word_1_243' title='bbox 204 3046 252 3109; x_wconf 86' lang='lat' dir='ltr'>rel</span> <span class='ocrx_word' id='word_1_244' title='bbox 282 3046 310 3107; x_wconf 93' lang='lat' dir='ltr'>ei</span> <span class='ocrx_word' id='word_1_245' title='bbox 338 3063 419 3106; x_wconf 89' lang='lat' dir='ltr'>ausn</span> <span class='ocrx_word' id='word_1_246' title='bbox 451 3043 615 3105; x_wconf 88' lang='lat' dir='ltr'>temerario</span> <span class='ocrx_word' id='word_1_247' title='bbox 642 3042 805 3103; x_wconf 90' lang='lat' dir='ltr'>contraire.</span> <span class='ocrx_word' id='word_1_248' title='bbox 853 3040 885 3103; x_wconf 85' lang='lat' dir='ltr'>Si</span> <span class='ocrx_word' id='word_1_249' title='bbox 913 3041 985 3123; x_wconf 92' lang='lat' dir='ltr'>quis</span> <span class='ocrx_word' id='word_1_250' title='bbox 1013 3046 1120 3103; x_wconf 89' lang='lat' dir='ltr'>autem</span> <span class='ocrx_word' id='word_1_251' title='bbox 1150 3040 1208 3103; x_wconf 86' lang='lat' dir='ltr'>boc</span> <span class='ocrx_word' id='word_1_252' title='bbox 1234 3048 1417 3125; x_wconf 86' lang='lat' dir='ltr'>attemptare</span> <span class='ocrx_word' id='word_1_253' title='bbox 1439 3064 1507 3125; x_wconf 90' lang='lat' dir='ltr'>pre-</span> 
     </span>
     <span class='ocr_line' id='line_1_28' title="bbox 203 3136 1508 3226; baseline -0.002 -19"><span class='ocrx_word' id='word_1_254' title='bbox 203 3143 389 3226; x_wconf 85' lang='lat' dir='ltr'>sumpserit,</span> <span class='ocrx_word' id='word_1_255' title='bbox 417 3140 667 3221; x_wconf 86' lang='lat' dir='ltr'>indignationem</span> <span class='ocrx_word' id='word_1_256' title='bbox 695 3139 919 3221; x_wconf 88' lang='lat' dir='ltr'>omnipoteutis</span> <span class='ocrx_word' id='word_1_257' title='bbox 941 3136 999 3201; x_wconf 91' lang='lat' dir='ltr'>Dei</span> <span class='ocrx_word' id='word_1_258' title='bbox 1021 3145 1051 3200; x_wconf 94' lang='lat' dir='ltr'>et</span> <span class='ocrx_word' id='word_1_259' title='bbox 1073 3138 1234 3201; x_wconf 89' lang='lat' dir='ltr'>beatorum</span> <span class='ocrx_word' id='word_1_260' title='bbox 1259 3138 1344 3202; x_wconf 89' lang='lat' dir='ltr'>Petri</span> <span class='ocrx_word' id='word_1_261' title='bbox 1365 3150 1395 3204; x_wconf 93' lang='lat' dir='ltr'>ot</span> <span class='ocrx_word' id='word_1_262' title='bbox 1417 3140 1508 3204; x_wconf 86' lang='lat' dir='ltr'>Pauli</span> 
     </span>
     <span class='ocr_line' id='line_1_29' title="bbox 202 3235 1507 3324; baseline -0.002 -19"><span class='ocrx_word' id='word_1_263' title='bbox 202 3240 415 3324; x_wconf 86' lang='lat' dir='ltr'>apostolorum</span> <span class='ocrx_word' id='word_1_264' title='bbox 441 3240 511 3301; x_wconf 89' lang='lat' dir='ltr'>eius</span> <span class='ocrx_word' id='word_1_265' title='bbox 539 3258 572 3301; x_wconf 92' lang='lat' dir='ltr'>se</span> <span class='ocrx_word' id='word_1_266' title='bbox 600 3238 722 3301; x_wconf 88' lang='lat' dir='ltr'>noverit</span> <span class='ocrx_word' id='word_1_267' title='bbox 748 3240 962 3301; x_wconf 87' lang='lat' dir='ltr'>incursurum.</span> <span class='ocrx_word' id='word_1_268' title='bbox 1006 3235 1123 3299; x_wconf 91' lang='lat' dir='ltr'>Datum</span> <span class='ocrx_word' id='word_1_269' title='bbox 1152 3236 1294 3301; x_wconf 76' lang='lat' dir='ltr'>birlbrdie</span> <span class='ocrx_word' id='word_1_270' title='bbox 1321 3238 1507 3321; x_wconf 87' lang='lat' dir='ltr'>Magantine</span> 
     </span>
     <span class='ocr_line' id='line_1_30' title="bbox 202 3333 1507 3403; baseline -0.001 -1"><span class='ocrx_word' id='word_1_271' title='bbox 202 3340 336 3403; x_wconf 88' lang='lat' dir='ltr'>diocesis</span> <span class='ocrx_word' id='word_1_272' title='bbox 355 3337 394 3399; x_wconf 84' lang='lat' dir='ltr'>V.</span> <span class='ocrx_word' id='word_1_273' title='bbox 415 3336 484 3399; x_wconf 90' lang='lat' dir='ltr'>Kal.</span> <span class='ocrx_word' id='word_1_274' title='bbox 507 3334 690 3399; x_wconf 90' lang='lat' dir='ltr'>Decembris</span> <span class='ocrx_word' id='word_1_275' title='bbox 712 3355 796 3398; x_wconf 91' lang='lat' dir='ltr'>anno</span> <span class='ocrx_word' id='word_1_276' title='bbox 819 3333 947 3397; x_wconf 92' lang='lat' dir='ltr'>Domini</span> <span class='ocrx_word' id='word_1_277' title='bbox 970 3335 1136 3398; x_wconf 91' lang='lat' dir='ltr'>millesimo</span> <span class='ocrx_word' id='word_1_278' title='bbox 1160 3338 1377 3399; x_wconf 85' lang='lat' dir='ltr'>trecentesimo</span> <span class='ocrx_word' id='word_1_279' title='bbox 1402 3345 1507 3402; x_wconf 75' lang='lat' dir='ltr'>intua·</span> 
     </span>
     <span class='ocr_line' id='line_1_31' title="bbox 201 3434 1382 3520; baseline -0.003 -19"><span class='ocrx_word' id='word_1_280' title='bbox 201 3439 322 3520; x_wconf 87' lang='lat' dir='ltr'>gesimo</span> <span class='ocrx_word' id='word_1_281' title='bbox 344 3442 467 3512; x_wconf 86' lang='lat' dir='ltr'>octavo,</span> <span class='ocrx_word' id='word_1_282' title='bbox 490 3435 690 3517; x_wconf 84' lang='lat' dir='ltr'>pontificatus</span> <span class='ocrx_word' id='word_1_283' title='bbox 711 3436 820 3517; x_wconf 89' lang='lat' dir='ltr'>prefati</span> <span class='ocrx_word' id='word_1_284' title='bbox 842 3434 963 3496; x_wconf 89' lang='lat' dir='ltr'>domini</span> <span class='ocrx_word' id='word_1_285' title='bbox 985 3434 1083 3496; x_wconf 92' lang='lat' dir='ltr'>nostri</span> <span class='ocrx_word' id='word_1_286' title='bbox 1105 3453 1184 3517; x_wconf 90' lang='lat' dir='ltr'>pape</span> <span class='ocrx_word' id='word_1_287' title='bbox 1207 3434 1382 3497; x_wconf 90' lang='lat' dir='ltr'>undecimo.</span> 
     </span>
    </p>
   </div>
   <div class='ocr_carea' id='block_1_3' title="bbox 204 3586 1507 3695">
    <p class='ocr_par' dir='ltr' id='par_1_4' title="bbox 204 3586 1507 3695">
     <span class='ocr_line' id='line_1_32' title="bbox 204 3586 1507 3695; baseline 0.001 -26"><span class='ocrx_word' id='word_1_288' title='bbox 204 3590 316 3676; x_wconf 76' lang='lat'><strong>1388.</strong></span> <span class='ocrx_word' id='word_1_289' title='bbox 345 3587 586 3669; x_wconf 87' lang='lat' dir='ltr'>November</span> <span class='ocrx_word' id='word_1_290' title='bbox 612 3587 671 3667; x_wconf 76' lang='lat'>27.</span> <span class='ocrx_word' id='word_1_291' title='bbox 699 3587 863 3695; x_wconf 78' lang='lat' dir='ltr'>Erfurt.</span> <span class='ocrx_word' id='word_1_292' title='bbox 1418 3586 1507 3670; x_wconf 70' lang='lat' dir='ltr'>aba.</span> 
     </span>
    </p>
   </div>
   <div class='ocr_carea' id='block_1_4' title="bbox 298 3720 1510 4187">
    <p class='ocr_par' dir='ltr' id='par_1_5' title="bbox 298 3720 1510 4086">
     <span class='ocr_line' id='line_1_33' title="bbox 302 3720 1509 3806; baseline -0.006 -15"><span class='ocrx_word' id='word_1_293' title='bbox 302 3724 431 3805; x_wconf 81' lang='lat' dir='ltr'>Philipp</span> <span class='ocrx_word' id='word_1_294' title='bbox 456 3744 515 3788; x_wconf 83' lang='lat' dir='ltr'>corr</span> <span class='ocrx_word' id='word_1_295' title='bbox 537 3724 692 3806; x_wconf 72' lang='lat' dir='ltr'>Alerrpcn,</span> <span class='ocrx_word' id='word_1_296' title='bbox 716 3722 907 3804; x_wconf 69' lang='lat' dir='ltr'>perpsallere·</span> <span class='ocrx_word' id='word_1_297' title='bbox 926 3722 1038 3799; x_wconf 79' lang='lat' dir='ltr'>Lapat,</span> <span class='ocrx_word' id='word_1_298' title='bbox 1066 3720 1165 3784; x_wconf 73' lang='lat' dir='ltr'>ortuli</span> <span class='ocrx_word' id='word_1_299' title='bbox 1191 3722 1257 3802; x_wconf 75' lang='lat' dir='ltr'>rrarf</span> <span class='ocrx_word' id='word_1_300' title='bbox 1281 3722 1398 3784; x_wconf 79' lang='lat' dir='ltr'>(irrrrul</span> <span class='ocrx_word' id='word_1_301' title='bbox 1425 3723 1509 3785; x_wconf 83' lang='lat' dir='ltr'>ciucr</span> 
     </span>
     <span class='ocr_line' id='line_1_34' title="bbox 298 3818 1508 3906; baseline -0.003 -18"><span class='ocrx_word' id='word_1_302' title='bbox 298 3823 494 3906; x_wconf 79' lang='lat' dir='ltr'>pdpstlieberr</span> <span class='ocrx_word' id='word_1_303' title='bbox 518 3822 685 3887; x_wconf 81' lang='lat' dir='ltr'>Vollruucbt</span> <span class='ocrx_word' id='word_1_304' title='bbox 705 3823 773 3885; x_wconf 85' lang='lat' dir='ltr'>dem</span> <span class='ocrx_word' id='word_1_305' title='bbox 794 3820 920 3884; x_wconf 70' lang='grc'><strong>11111</strong></span> <span class='ocrx_word' id='word_1_306' title='bbox 942 3820 1059 3900; x_wconf 71' lang='lat' dir='ltr'>lt&#39;rsirrt</span> <span class='ocrx_word' id='word_1_307' title='bbox 1080 3821 1146 3900; x_wconf 64' lang='grc' dir='ltr'>1111Ι</span> <span class='ocrx_word' id='word_1_308' title='bbox 1163 3818 1313 3883; x_wconf 64' lang='lat' dir='ltr'>rodata-c</span> <span class='ocrx_word' id='word_1_309' title='bbox 1333 3818 1508 3896; x_wconf 74' lang='grc'><strong>(1111111111,</strong></span> 
     </span>
     <span class='ocr_line' id='line_1_35' title="bbox 303 3917 1510 3999; baseline -0.003 -13"><span class='ocrx_word' id='word_1_310' title='bbox 303 3925 368 3987; x_wconf 73' lang='lat' dir='ltr'>siclt</span> <span class='ocrx_word' id='word_1_311' title='bbox 389 3924 433 3985; x_wconf 83' lang='lat' dir='ltr'>im</span> <span class='ocrx_word' id='word_1_312' title='bbox 451 3921 615 3985; x_wconf 73' lang='grc'><strong>1111111111</strong></span> <span class='ocrx_word' id='word_1_313' title='bbox 636 3921 703 3984; x_wconf 85' lang='lat' dir='ltr'>und</span> <span class='ocrx_word' id='word_1_314' title='bbox 726 3922 759 3983; x_wconf 84' lang='lat' dir='ltr'>iu</span> <span class='ocrx_word' id='word_1_315' title='bbox 781 3920 841 3983; x_wconf 79' lang='lat' dir='ltr'>deu</span> <span class='ocrx_word' id='word_1_316' title='bbox 857 3917 1034 3983; x_wconf 68' lang='lat' dir='ltr'>Scblbsscru</span> <span class='ocrx_word' id='word_1_317' title='bbox 1056 3918 1111 3980; x_wconf 85' lang='lat' dir='ltr'>der</span> <span class='ocrx_word' id='word_1_318' title='bbox 1129 3917 1219 3981; x_wconf 83' lang='lat' dir='ltr'>Stodt</span> <span class='ocrx_word' id='word_1_319' title='bbox 1240 3918 1323 3980; x_wconf 82' lang='lat' dir='ltr'>eines</span> <span class='ocrx_word' id='word_1_320' title='bbox 1344 3919 1510 3999; x_wconf 75' lang='lat' dir='ltr'>trupburen</span> 
     </span>
     <span class='ocr_line' id='line_1_36' title="bbox 304 4020 651 4086; baseline -0.014 0"><span class='ocrx_word' id='word_1_321' title='bbox 304 4022 415 4086; x_wconf 83' lang='lat' dir='ltr'>Alturs</span> <span class='ocrx_word' id='word_1_322' title='bbox 435 4040 476 4084; x_wconf 74' lang='lat' dir='ltr'>au</span> <span class='ocrx_word' id='word_1_323' title='bbox 498 4020 651 4084; x_wconf 83' lang='lat' dir='ltr'>bcdieuen.</span> 
     </span>
    </p>

    <p class='ocr_par' dir='ltr' id='par_1_6' title="bbox 354 4116 895 4187">
     <span class='ocr_line' id='line_1_37' title="bbox 354 4116 895 4187; baseline -0.011 -12"><span class='ocrx_word' id='word_1_324' title='bbox 354 4122 399 4175; x_wconf 85' lang='lat' dir='ltr'>Or.</span> <span class='ocrx_word' id='word_1_325' title='bbox 419 4121 470 4173; x_wconf 82' lang='lat' dir='ltr'>mit</span> <span class='ocrx_word' id='word_1_326' title='bbox 486 4120 511 4173; x_wconf 88' lang='lat' dir='ltr'>d.</span> <span class='ocrx_word' id='word_1_327' title='bbox 522 4119 548 4175; x_wconf 84' lang='lat' dir='ltr'>S.</span> <span class='ocrx_word' id='word_1_328' title='bbox 567 4119 605 4172; x_wconf 83' lang='lat' dir='ltr'>im</span> <span class='ocrx_word' id='word_1_329' title='bbox 625 4119 687 4187; x_wconf 80' lang='lat' dir='ltr'>Kpl.</span> <span class='ocrx_word' id='word_1_330' title='bbox 698 4120 736 4172; x_wconf 89' lang='lat' dir='ltr'>St.</span> <span class='ocrx_word' id='word_1_331' title='bbox 747 4118 782 4170; x_wconf 85' lang='lat' dir='ltr'>A.</span> <span class='ocrx_word' id='word_1_332' title='bbox 803 4135 837 4170; x_wconf 77' lang='lat' dir='ltr'>ra</span> <span class='ocrx_word' id='word_1_333' title='bbox 855 4116 895 4170; x_wconf 92' lang='lat' dir='ltr'>M.</span> 
     </span>
    </p>
   </div>
   <div class='ocr_carea' id='block_1_5' title="bbox 202 4222 1509 4699">
    <p class='ocr_par' dir='ltr' id='par_1_7' title="bbox 285 4222 1297 4310">
     <span class='ocr_line' id='line_1_38' title="bbox 285 4222 1297 4310; baseline -0.006 -19"><span class='ocrx_word' id='word_1_334' title='bbox 285 4227 447 4310; x_wconf 85' lang='lat' dir='ltr'>Philippus</span> <span class='ocrx_word' id='word_1_335' title='bbox 470 4226 508 4290; x_wconf 90' lang='lat' dir='ltr'>de</span> <span class='ocrx_word' id='word_1_336' title='bbox 528 4227 703 4289; x_wconf 83' lang='lat' dir='ltr'>Alerrconio</span> <span class='ocrx_word' id='word_1_337' title='bbox 729 4260 965 4271; x_wconf 48' lang='lat'><em>-----</em></span> <span class='ocrx_word' id='word_1_338' title='bbox 979 4226 989 4263; x_wconf 84' lang='lat'>¹</span> <span class='ocrx_word' id='word_1_339' title='bbox 1011 4222 1071 4285; x_wconf 92' lang='lat' dir='ltr'>sub</span> <span class='ocrx_word' id='word_1_340' title='bbox 1097 4222 1153 4284; x_wconf 84' lang='lat' dir='ltr'>bac</span> <span class='ocrx_word' id='word_1_341' title='bbox 1179 4223 1297 4285; x_wconf 80' lang='lat' dir='ltr'>ferina:</span> 
     </span>
    </p>

    <p class='ocr_par' dir='ltr' id='par_1_8' title="bbox 202 4318 1509 4699">
     <span class='ocr_line' id='line_1_39' title="bbox 284 4318 1509 4408; baseline -0.004 -18"><span class='ocrx_word' id='word_1_342' title='bbox 284 4326 433 4390; x_wconf 87' lang='lat' dir='ltr'>Urbanus</span> <span class='ocrx_word' id='word_1_343' title='bbox 450 4327 623 4408; x_wconf 87' lang='lat' dir='ltr'>episcopus,</span> <span class='ocrx_word' id='word_1_344' title='bbox 641 4344 752 4387; x_wconf 88' lang='lat' dir='ltr'>servus</span> <span class='ocrx_word' id='word_1_345' title='bbox 767 4342 930 4386; x_wconf 88' lang='lat' dir='ltr'>servorum</span> <span class='ocrx_word' id='word_1_346' title='bbox 944 4318 1013 4398; x_wconf 92' lang='lat' dir='ltr'>Dei,</span> <span class='ocrx_word' id='word_1_347' title='bbox 1025 4356 1260 4369; x_wconf 54' lang='lat'><em>-----</em></span> <span class='ocrx_word' id='word_1_348' title='bbox 1274 4323 1282 4359; x_wconf 79' lang='lat'>¹</span> <span class='ocrx_word' id='word_1_349' title='bbox 1298 4341 1355 4383; x_wconf 87' lang='lat' dir='ltr'>nos</span> <span class='ocrx_word' id='word_1_350' title='bbox 1371 4320 1509 4385; x_wconf 82' lang='lat' dir='ltr'>volentes</span> 
     </span>
     <span class='ocr_line' id='line_1_40' title="bbox 202 4418 1509 4505; baseline -0.005 -17"><span class='ocrx_word' id='word_1_351' title='bbox 202 4426 258 4489; x_wconf 92' lang='lat' dir='ltr'>tibi</span> <span class='ocrx_word' id='word_1_352' title='bbox 271 4425 324 4487; x_wconf 88' lang='lat' dir='ltr'>illa</span> <span class='ocrx_word' id='word_1_353' title='bbox 336 4424 515 4501; x_wconf 75' lang='lat' dir='ltr'>mocedere,</span> <span class='ocrx_word' id='word_1_354' title='bbox 527 4444 583 4505; x_wconf 90' lang='lat' dir='ltr'>per</span> <span class='ocrx_word' id='word_1_355' title='bbox 594 4442 656 4505; x_wconf 92' lang='lat' dir='ltr'>que</span> <span class='ocrx_word' id='word_1_356' title='bbox 666 4423 808 4505; x_wconf 87' lang='lat' dir='ltr'>personis</span> <span class='ocrx_word' id='word_1_357' title='bbox 819 4438 988 4503; x_wconf 90' lang='lat' dir='ltr'>regnorum</span> <span class='ocrx_word' id='word_1_358' title='bbox 1002 4426 1032 4482; x_wconf 90' lang='lat' dir='ltr'>et</span> <span class='ocrx_word' id='word_1_359' title='bbox 1043 4420 1181 4502; x_wconf 83' lang='lat' dir='ltr'>parcium</span> <span class='ocrx_word' id='word_1_360' title='bbox 1195 4438 1230 4481; x_wconf 87' lang='lat' dir='ltr'>ac</span> <span class='ocrx_word' id='word_1_361' title='bbox 1243 4418 1377 4482; x_wconf 69' lang='lat' dir='ltr'>(lirratus</span> <span class='ocrx_word' id='word_1_362' title='bbox 1390 4418 1509 4501; x_wconf 82' lang='lat' dir='ltr'>predic·</span> 
     </span>
     <span class='ocr_line' id='line_1_41' title="bbox 203 4518 1505 4596; baseline -0.005 -10"><span class='ocrx_word' id='word_1_363' title='bbox 203 4529 307 4588; x_wconf 88' lang='lat' dir='ltr'>torum</span> <span class='ocrx_word' id='word_1_364' title='bbox 326 4524 364 4585; x_wconf 89' lang='lat' dir='ltr'>ad</span> <span class='ocrx_word' id='word_1_365' title='bbox 384 4522 610 4586; x_wconf 75' lang='lat' dir='ltr'>ferventiorem</span> <span class='ocrx_word' id='word_1_366' title='bbox 622 4520 824 4583; x_wconf 84' lang='lat' dir='ltr'>devocionem</span> <span class='ocrx_word' id='word_1_367' title='bbox 838 4519 943 4581; x_wconf 89' lang='lat' dir='ltr'>valeas</span> <span class='ocrx_word' id='word_1_368' title='bbox 954 4518 1099 4596; x_wconf 84' lang='lat' dir='ltr'>excitare,</span> <span class='ocrx_word' id='word_1_369' title='bbox 1113 4518 1299 4579; x_wconf 88' lang='lat' dir='ltr'>fraternitati</span> <span class='ocrx_word' id='word_1_370' title='bbox 1311 4522 1363 4579; x_wconf 88' lang='lat' dir='ltr'>tue</span> <span class='ocrx_word' id='word_1_371' title='bbox 1375 4519 1505 4579; x_wconf 87' lang='lat' dir='ltr'>auctori·</span> 
     </span>
     <span class='ocr_line' id='line_1_42' title="bbox 202 4615 1509 4699; baseline -0.006 -13"><span class='ocrx_word' id='word_1_372' title='bbox 202 4629 263 4686; x_wconf 88' lang='lat' dir='ltr'>tate</span> <span class='ocrx_word' id='word_1_373' title='bbox 293 4628 397 4684; x_wconf 86' lang='lat' dir='ltr'>nostra</span> <span class='ocrx_word' id='word_1_374' title='bbox 423 4620 480 4683; x_wconf 88' lang='lat' dir='ltr'>bac</span> <span class='ocrx_word' id='word_1_375' title='bbox 510 4620 578 4682; x_wconf 91' lang='lat' dir='ltr'>vice</span> <span class='ocrx_word' id='word_1_376' title='bbox 604 4619 760 4682; x_wconf 84' lang='lat' dir='ltr'>duntaxat</span> <span class='ocrx_word' id='word_1_377' title='bbox 780 4616 971 4680; x_wconf 86' lang='lat' dir='ltr'>concedendi</span> <span class='ocrx_word' id='word_1_378' title='bbox 995 4615 1241 4699; x_wconf 89' lang='lat' dir='ltr'>quibuscunque</span> <span class='ocrx_word' id='word_1_379' title='bbox 1261 4616 1418 4696; x_wconf 86' lang='lat' dir='ltr'>personis,</span> <span class='ocrx_word' id='word_1_380' title='bbox 1447 4636 1509 4699; x_wconf 90' lang='lat' dir='ltr'>que</span> 
     </span>
    </p>
   </div>
   <div class='ocr_carea' id='block_1_6' title="bbox 0 0 1771 5209">
    <p class='ocr_par' dir='ltr' id='par_1_9' title="bbox 0 0 1771 5209">
     <span class='ocr_line' id='line_1_43' title="bbox 0 0 1771 5209; baseline 0 0"><span class='ocrx_word' id='word_1_381' title='bbox 0 0 1771 5209; x_wconf 95' lang='lat' dir='ltr'> </span> 
     </span>
    </p>
   </div>
  </div>
 </body>
</html>
