3525 5209
497 417 726 476 L'rlrandenbuch
744 417 793 474 der
811 417 895 474 Stadt
915 420 1018 475 Erfurt.
1055 418 1190 480 lI,'l'heil.
1445 416 1496 471 585

191 572 373 637 huiusmodi
400 571 603 654 tangentibus
625 591 682 634 sen
715 571 991 652 concernentibus,
1018 573 1181 655 negocium
1213 575 1418 636 memoratum
1447 568 1497 631 die

193 671 339 734 videlicet
369 673 565 753 sexagesima
598 677 666 755 post
697 671 849 733 lecturam
888 671 1079 754 presentium
1112 672 1143 734 in
1176 671 1335 735 aradientia
1370 666 1498 753 publiea

190 769 482 834 literarumdomini
492 771 590 833 nostri
602 789 680 854 papo
689 773 720 832 et
730 769 910 834 allisionem
920 770 1018 852 portis
1028 769 1151 852 pallacii
1161 769 1494 854 apostolicicansarum

190 889 226 932 ac
248 867 535 952 superluminaria
556 867 676 931 basilici
698 869 848 951 principis
869 867 1082 952 apostolorum
1100 867 1138 932 dc
1164 867 1240 932 urbe
1262 888 1298 931 ac
1320 868 1495 952 insignium

190 966 393 1030 ecelesiarum
424 967 457 1029 in
481 967 644 1047 Arnstete,
675 968 706 1030 in
736 966 851 1046 Gotba,
883 967 916 1029 in
939 965 1097 1046 lsenaohe,
1130 965 1313 1051 hlagnntine
1345 967 1497 1050 dyocesis,

190 1070 352 1148 tamquam
375 1064 515 1128 locorum
525 1067 774 1146 convicinorum,
796 1063 894 1129 lactas
915 1065 1083 1129 inmediato
1105 1070 1281 1148 sequentes
1302 1067 1329 1130 si
1351 1065 1497 1148 diesipsa

189 1164 387 1246 sexagesima
409 1163 544 1226 iuridica
562 1163 659 1228 luerit
680 1169 711 1227 ot
737 1184 796 1227 nos
817 1162 931 1242 Rome,
954 1163 1006 1226 ubi
1029 1162 1172 1227 Mniaua
1194 1166 1282 1228 curia
1300 1164 1427 1242 residet,
1448 1163 1494 1228 vel

189 1261 279 1340 alibi,
301 1260 355 1325 nbi
384 1281 454 1324 carn
475 1261 611 1326 residere
632 1264 806 1342 continget,
833 1262 873 1326 ad
896 1264 965 1325 iura
985 1261 1181 1326 reddendum
1203 1262 1393 1332 sederimus,
1421 1261 1496 1324 alio-

190 1361 267 1443 quin
289 1359 504 1443 proximadie
523 1359 658 1424 iuridica
679 1372 798 1424 extunc
818 1360 988 1424 inmediate
1011 1367 1176 1444 sequente,
1202 1380 1265 1443 qua
1287 1381 1345 1424 nos
1365 1359 1403 1423 ad
1426 1361 1496 1423 iura

190 1457 385 1522 reddendum
414 1462 448 1520 ut
469 1477 565 1542 supra
585 1456 780 1538 sedebimus,
816 1460 849 1521 in
882 1459 1020 1543 hospicio
1048 1457 1248 1521 habitationis
1278 1463 1383 1522 nostre
1412 1478 1496 1520 conr·

190 1556 370 1639 parcentia
393 1555 510 1619 iudicio
532 1575 638 1620 coram
657 1556 749 1622 nobis
771 1557 820 1620 vel
842 1557 939 1620 altero
962 1557 1192 1630 commissariO,
1219 1556 1311 1619 nobis
1336 1557 1442 1620 forsan
1464 1557 1494 1619 in

191 1653 372 1718 huiusmodi
395 1673 492 1716 causa
520 1655 729 1735 surrogando,
751 1655 790 1718 ad
820 1654 988 1718 dicendum
1023 1653 1177 1737 quidquid
1207 1655 1363 1719 voluerint
1389 1660 1498 1718 contra

190 1752 446 1815 commissionem
469 1751 639 1835 predictam
667 1758 698 1815 et
726 1751 786 1814 alia
812 1752 850 1814 ad
872 1751 1105 1834 procedendum
1128 1761 1159 1814 et
1178 1753 1302 1835 procedi
1325 1752 1496 1816 videndum

190 1852 222 1914 in
246 1852 333 1933 ipsos
354 1849 392 1912 ad
412 1849 557 1931 singulos
579 1857 668 1915 actus
688 1851 842 1934 gravatim
864 1855 895 1913 ot
907 1853 1085 1914 successive
1099 1857 1130 1915 et
1147 1871 1247 1934 usque
1257 1851 1295 1914 ad
1306 1851 1496 1914 decisionem

189 1951 331 2032 ipsarum
353 1947 478 2030 aliaque
504 1947 619 2012 facturi
641 1954 671 2013 et
692 1949 847 2034 recepturi
875 1954 906 2012 et
926 1951 1122 2032 responsuri,
1151 1956 1243 2033 prout
1272 1951 1397 2013 iusticia
1426 1969 1497 2012 sita·

190 2045 292 2127 dabit,
311 2047 496 2109 intimantes
516 2048 631 2128 eciam,
659 2048 757 2130 qnod,
783 2049 850 2111 sive
885 2048 1044 2124 venerint,
1074 2049 1140 2112 sive
1178 2068 1241 2111 non
1272 2049 1430 2126 venerint,
1466 2048 1496 2109 in

191 2145 339 2227 predictis
359 2147 465 2210 causis
487 2152 518 2210 et
538 2154 648 2209 contra
669 2148 768 2228 ipsos,
793 2153 887 2230 prout
909 2147 988 2210 iuris
1004 2145 1114 2226 luerit,
1136 2147 1335 2230 procedetur,
1357 2147 1496 2230 ipsorum

192 2242 336 2307 absentia
356 2263 413 2308 seu
434 2245 635 2308 contumacia
656 2263 719 2308 non
741 2243 900 2318 obstante,
929 2245 996 2307 loca
1028 2262 1100 2307 vero
1128 2244 1292 2308 audiencia
1322 2251 1352 2309 et
1374 2245 1496 2329 pallacii

190 2340 393 2405 ecclesiarum
426 2342 636 2424 predictarum
670 2344 811 2406 locorum
845 2344 1082 2406 convicinorum
1119 2347 1279 2426 tamquam
1313 2343 1440 2427 publica
1468 2347 1499 2406 ot

190 2439 314 2519 ydonea
349 2459 404 2523 pro
435 2438 618 2503 huiusmodi
650 2442 801 2504 citaeione
830 2440 1018 2524 exequenda
1051 2446 1081 2504 et
1114 2441 1151 2504 ad
1179 2443 1318 2524 ipsorum
1349 2443 1496 2504 noticiam

190 2536 378 2600 deducenda
403 2537 558 2602 duximus
587 2537 745 2621 eligenda,
778 2558 839 2622 que
867 2538 993 2622 quidem
1023 2538 1090 2602 loca
1117 2541 1300 2604 citacioneni
1331 2542 1429 2624 ipsum
1458 2539 1496 2602 ad

190 2636 290 2698 instar
316 2635 506 2716 edictorum,
537 2656 599 2720 que
635 2637 710 2700 olim
739 2637 958 2702 scribebantur
989 2639 1019 2699 in
1057 2637 1127 2700 albo
1155 2641 1295 2721 pictoris,
1322 2659 1380 2704 sua
1407 2639 1497 2722 qtrasi

190 2752 267 2797 voco
300 2734 465 2817 preconiea
492 2742 522 2798 et
553 2735 660 2818 patulo
687 2736 804 2799 iudicio
833 2736 912 2799 adeo
941 2734 1163 2818 publicabunt,
1200 2737 1282 2820 quod
1320 2739 1404 2802 citati
1438 2737 1498 2822 ipsi

189 2830 311 2894 nullam
334 2831 372 2894 de
392 2849 430 2895 ea
449 2833 586 2915 poterint
606 2833 743 2897 alieuius
765 2835 946 2916 ignorancie
972 2853 1100 2897 cansam
1122 2836 1154 2897 in
1175 2841 1337 2919 posterum
1356 2835 1498 2918 allegare,

189 2947 264 2992 cum
286 2948 352 2991 non
372 2929 431 2994 erit
457 2930 643 3009 verisimile,
672 2931 756 3014 quod
784 2931 867 3014 apud
896 2950 949 2995 eos
977 2930 1111 2995 debeant
1140 2933 1300 3016 incognita
1327 2953 1497 3006 remunero,

191 3046 253 3109 que
282 3027 401 3090 luerint
427 3028 471 3090 ita
503 3029 535 3090 in
572 3030 648 3093 locis
670 3035 734 3092 tam
768 3028 904 3113 publicis
935 3035 964 3092 ct
986 3031 1120 3111 patentis
1148 3030 1297 3094 omnibus
1331 3030 1498 3115 publicata.

191 3124 350 3188 Volumus
378 3126 507 3211 insuper
534 3132 564 3190 et
595 3127 703 3191 eadem
734 3129 920 3191 auctoritate
944 3127 1155 3206 decernimus,
1182 3129 1266 3210 qarod
1294 3131 1399 3193 citatio
1431 3131 1497 3213 ipsa

190 3224 235 3288 sic
257 3222 336 3287 lecta
357 3230 387 3287 et
407 3224 504 3288 affixa
525 3226 634 3289 citatos
656 3227 741 3309 ipsos
762 3245 872 3289 onrnes
894 3231 996 3290 arceat
1017 3231 1047 3290 et
1069 3227 1293 3310 apprehendat,
1317 3247 1352 3291 ac
1371 3231 1398 3291 si
1414 3229 1498 3308 ipsos

192 3322 400 3405 personaliter
428 3323 683 3407 apprehendisset
708 3330 739 3388 et
767 3325 800 3387 in
829 3343 939 3387 eorum
970 3324 1134 3406 presentiis
1161 3324 1239 3386 locta
1268 3323 1306 3388 de
1336 3324 1430 3389 verbo
1459 3326 1496 3389 ad

191 3419 321 3483 verbum
361 3427 392 3484 et
429 3420 588 3504 publicata
624 3423 787 3486 extitisset.
841 3421 878 3483 Iu
921 3442 1056 3504 quorum
1094 3423 1238 3485 annuum
1281 3424 1496 3486 testimonium

190 3525 350 3602 presentes
388 3526 511 3583 nostras
546 3520 666 3584 litteras
702 3541 757 3584 scu
795 3540 924 3603 presens
958 3519 1122 3602 publicum
1158 3523 1406 3585 instrumentum
1443 3542 1499 3606 por

194 3617 388 3680 Anthonium
411 3619 569 3681 notarium
592 3618 755 3701 publicum
777 3638 813 3681 ac
835 3625 978 3682 nostrum
1001 3624 1031 3680 ot
1054 3618 1235 3681 huiusmodi
1256 3639 1350 3682 crrusc
1362 3618 1497 3682 scribam

196 3714 430 3799 infrascriptum
452 3715 609 3780 subscribi
630 3723 662 3780 et
682 3715 836 3797 publicari
860 3717 995 3779 lecimus
1016 3723 1046 3779 ot
1067 3717 1165 3780 nostri
1188 3716 1280 3800 sigilli
1306 3718 1498 3801 appensione

191 3813 317 3876 rinmiri.
360 3811 477 3877 Datum
499 3819 530 3877 ot
550 3820 653 3878 aetum
677 3813 777 3877 Rome
794 3815 826 3876 in
847 3812 1082 3894 Transtyberim
1097 3813 1128 3876 in
1142 3813 1282 3897 hospicio
1297 3813 1498 3879 habitationis

193 3917 300 3974 nostre
321 3910 382 3974 sub
403 3931 487 3975 anno
510 3913 681 3976 nativitatis
690 3911 817 3975 Domini
841 3911 1008 3975 millesimo
1026 3913 1244 3976 trecentesimo
1266 3913 1497 3995 septuagesimo

190 4015 315 4089 mairo,
336 4010 507 4074 indictione
529 4012 643 4094 prima,
664 4011 714 4074 die
735 4016 844 4074 notaria
866 4010 985 4073 rnensis
1008 4009 1178 4090 Februarii,
1205 4011 1405 4093 pontificatus
1423 4010 1496 4073 dicti

190 4109 309 4170 domini
332 4110 429 4172 nostri
453 4108 595 4192 Gregorii
623 4128 703 4195 papo
733 4108 893 4172 arridet-imi
915 4127 998 4170 amm
1025 4115 1148 4187 octavo,
1174 4106 1371 4189 presentibus
1394 4107 1498 4170 (luido

191 4205 347 4286 Fesulanl,
370 4208 472 4290 priore
492 4214 672 4270 sanctorum
695 4206 918 4288 apostolorum,
940 4203 1091 4268 Michaelo
1112 4205 1283 4288 Seigonulii
1307 4205 1344 4268 do
1366 4203 1497 4268 lllorena

190 4311 219 4366 ct
241 4303 381 4367 licurico
402 4303 547 4368 Dudonis
570 4305 608 4368 de
632 4303 748 4385 Ygstad
772 4304 898 4382 elerico,
922 4302 1131 4366 larniliaribus
1157 4303 1281 4381 ritrstris,
1303 4302 1435 4366 testibus
1458 4302 1495 4364 ad

193 4404 346 4487 premissa
365 4405 483 4467 vocatis
502 4412 533 4467 ct
553 4403 677 4484 rugatis.
