3525 5209
496 381 727 438 Urlrundenbnch
744 382 794 437 der
810 382 893 438 Stadt
912 383 1015 439 Erlurt.
1051 383 1091 438 11.
1102 384 1189 439 Theil.
1462 390 1497 444 55

190 540 223 595 et
245 534 421 597 ammoneri
442 533 609 597 fecerimus
630 534 777 613 vasallos,
799 536 952 612 homines,
971 540 1106 599 rectores
1128 541 1159 600 et
1177 538 1400 602 universitates
1420 540 1497 603 civi-

191 636 305 707 tatum,
325 630 524 709 leudotarios,
544 632 651 696 fideles
673 638 704 695 et
720 632 863 696 subditos
884 632 1013 696 ecclesie
1028 632 1282 717 lllaguntinensis
1303 636 1440 719 predicte
1461 659 1498 701 ac

192 730 325 812 quosvis
349 730 427 792 alios
448 730 577 793 clericos
597 737 628 793 et
647 730 759 803 laicos
785 732 1007 814 cuiuscunque
1029 732 1273 813 pereminenoie,
1293 734 1497 816 condicionis,

192 828 328 905 ordinis,
357 827 517 910 dignitatis
548 834 580 891 et
606 833 707 891 status
727 830 914 908 existerent,
943 846 1079 911 quorum
1108 830 1239 894 interest
1267 831 1318 895 vel
1346 833 1498 897 interesse

190 931 312 1007 posset,
340 944 377 987 ac
407 924 489 988 infra
516 932 635 989 certum
663 928 908 1009 peremptorium
935 928 1124 1007 terminum,
1149 930 1182 990 in
1204 929 1351 1012 predictis
1380 931 1498 995 nostris

191 1024 291 1086 literis
312 1024 580 1106 conprehensum,
602 1030 809 1087 memoratum
831 1024 997 1087 dominum
1018 1024 1206 1089 Heinrionm
1228 1027 1496 1112 archiepiscopum

195 1120 471 1203 llagrrntinensem
500 1121 551 1185 vel
580 1123 649 1185 eius
671 1128 889 1204 procuratores
914 1142 972 1185 suo
999 1124 1129 1186 nomine
1155 1124 1189 1185 in
1216 1124 1371 1206 prelatum
1397 1126 1498 1209 ipsius

195 1220 327 1282 ecclesie
349 1218 603 1301 Magantinensis
625 1220 744 1302 singuli
765 1238 889 1298 eorum,
916 1226 1010 1303 prout
1037 1221 1076 1283 ad
1097 1239 1151 1283 eos
1172 1226 1205 1284 et
1225 1222 1368 1304 singulos
1387 1242 1497 1287 eorum

191 1320 379 1403 pertineret,
400 1318 490 1380 iuxta
507 1318 714 1401 predictarum
732 1317 908 1380 litterarum
925 1318 1166 1401 apostolicarum
1188 1324 1339 1402 tenorem,
1361 1341 1498 1405 quarum

193 1418 380 1479 auctoritate
408 1417 634 1499 processimus,
663 1416 837 1499 reciperent
864 1419 896 1478 et
922 1416 1122 1480 admitterent
1149 1436 1186 1479 ac
1211 1417 1312 1481 eidem
1334 1429 1497 1503 tamquam

193 1515 428 1599 archiepiscopo
457 1512 693 1596 Magantinensi
721 1520 752 1577 et
784 1534 913 1577 suarum
946 1515 1124 1577 animarum
1152 1517 1268 1598 pastori
1299 1517 1499 1581 intenderent

193 1612 363 1677 efficaciter
384 1618 415 1675 et
433 1616 578 1694 parerent
596 1610 784 1694 nullumque
802 1613 830 1674 ei
846 1612 1108 1695 impedimentum
1129 1620 1303 1696 prestarent
1319 1633 1374 1696 per
1393 1634 1427 1679 se
1448 1616 1499 1679 νε]

194 1710 292 1775 alium
324 1728 382 1773 seu
403 1710 493 1788 alios,
523 1714 579 1771 aut
598 1708 844 1791 impedientibus
863 1712 970 1794 ipsum
990 1711 1023 1772 in
1045 1711 1151 1791 aliquo
1172 1711 1296 1790 darent,
1323 1717 1499 1795 prestarent

192 1816 250 1872 ant
271 1809 404 1891 prestari
431 1812 635 1886 procurarent
654 1807 828 1881 auxilium,
855 1808 1023 1872 consilium
1052 1808 1105 1871 νε]
1129 1809 1270 1872 favorem
1295 1809 1420 1894 publice
1447 1812 1498 1875 vel

193 1906 327 1983 occulte,
346 1905 519 1988 quominus
534 1904 617 1967 idem
633 1905 782 1968 dominus
796 1904 969 1969 Heinricus
980 1906 1232 1990 archiepiscopus
1245 1906 1499 1991 Maguntinensis

193 2002 385 2086 corporalem
406 2002 636 2086 possessionem
656 2009 687 2065 et
702 2002 862 2087 pacificam
885 2009 1069 2083 castrorum,
1087 2005 1308 2068 municionum
1321 2010 1352 2068 et
1363 2005 1498 2069 aliorum

194 2104 336 2166 locorum
366 2118 632 2183 quorumcunque
656 2100 774 2163 iuriam
802 2107 832 2164 et
857 2099 1014 2165 bonorum
1044 2100 1081 2163 ad
1107 2108 1313 2165 memoratam
1334 2102 1498 2167 emlesiam

194 2199 471 2283 llaguntinensem
488 2198 772 2280 spectanciumper
784 2218 817 2261 se
833 2218 972 2281 suosque
993 2200 1137 2279 vicarios,
1158 2199 1316 2281 officiales,
1338 2202 1499 2267 ministros

194 2320 250 2363 seu
288 2300 505 2383 procuratores
542 2294 773 2377 apprehendere
807 2295 941 2369 valeret,
980 2296 1205 2380 quodcumque
1236 2299 1499 2382 impedimentum

193 2397 358 2482 publicum
386 2393 437 2456 vel
467 2392 626 2455 occultum
654 2413 709 2475 per
733 2396 818 2477 ipsos
845 2394 895 2457 νε]
922 2412 1032 2457 eornm
1058 2396 1187 2459 nomine
1213 2402 1269 2459 aut
1296 2397 1442 2461 mandato
1463 2400 1498 2461 in

193 2495 356 2580 premissis
377 2491 426 2555 νε]
448 2492 530 2553 circa
549 2493 703 2574 premissa
725 2492 959 2574 quomodolibet
982 2493 1174 2575 appositum,
1200 2494 1326 2557 realiter
1353 2502 1384 2557 et
1408 2496 1498 2559 effec-

193 2593 323 2657 tualiter
343 2591 426 2653 infra
447 2588 623 2673 predictum
645 2590 817 2652 terminum
833 2590 1009 2652 revocando
1023 2596 1053 2652 et
1068 2591 1276 2672 permittendo
1288 2599 1497 2657 memoratum

194 2692 362 2755 dominum
388 2687 656 2769 archiepiscopum
685 2686 959 2769 Magantinensem
989 2706 1128 2769 suosque
1148 2686 1315 2768 officiales,
1336 2691 1499 2755 ministros

193 2797 226 2853 et
236 2792 455 2872 procuratores
470 2784 612 2848 eiusdem
629 2786 757 2847 ecclesie
773 2784 1026 2868 Magantinensis
1041 2804 1078 2847 ac
1092 2787 1236 2850 omnium
1253 2792 1284 2849 et
1300 2788 1498 2868 singulorum

195 2888 351 2949 bonorum
374 2888 405 2946 et
425 2884 545 2945 iuriam
561 2882 600 2943 ad
617 2882 747 2945 eandem
763 2880 927 2945 ecclesiam
945 2883 1174 2964 pertinencium
1194 2884 1499 2949 administrationem

193 2985 321 3069 plenam
342 2988 373 3046 et
393 2979 524 3043 liberam
546 2998 708 3059 exercere,
734 2980 832 3043 immo
860 2982 966 3063 ipsum
995 2981 1159 3044 dominum
1182 2979 1371 3044 Heinricum
1400 2982 1500 3046 archi-

194 3084 377 3166 episcopum
390 3078 666 3159 Maguntinensem
688 3078 737 3141 vel
761 3086 977 3161 procuratores
998 3079 1099 3161 ipsius
1120 3080 1154 3140 in
1172 3078 1233 3140 hiis
1253 3078 1500 3161 impedientibus

196 3200 255 3245 seu
283 3178 436 3262 impedire
457 3175 714 3260 presumentibus
740 3177 800 3239 sub
830 3177 934 3239 debito
959 3174 1133 3253 fidelitatis,
1162 3196 1225 3257 qna
1251 3178 1502 3255 astringerentur

197 3278 329 3341 ecclesie
367 3274 619 3357 Maguntinensi,
657 3276 838 3337 resisterent
869 3294 943 3337 oum
974 3272 1106 3345 effectu,
1146 3272 1286 3355 alioquin
1323 3292 1433 3338 omnes
1471 3281 1503 3339 et

197 3375 342 3459 singulos
363 3381 426 3437 tam
449 3372 578 3436 clericos
600 3392 694 3454 quam
714 3372 816 3451 laicos,
827 3374 1050 3455 cuiuscunque
1067 3372 1237 3454 dignitatis,
1251 3378 1360 3450 status,
1373 3374 1500 3455 gradus,

194 3474 315 3538 ordinis
345 3492 401 3535 seu
429 3470 622 3533 condicionis
654 3472 843 3550 existerent,
874 3472 973 3534 eciam
1003 3470 1029 3532 si
1050 3468 1220 3553 pontificali
1242 3477 1298 3532 aut
1319 3470 1430 3532 maiori
1450 3470 1500 3534 νε]

194 3572 337 3635 interiori
357 3570 507 3653 dignitate
529 3569 751 3652 prefulgerent,
777 3571 833 3652 qni
853 3569 1025 3632 monioioni
1046 3571 1154 3630 nostre
1175 3567 1374 3646 huiusmodi,
1403 3570 1501 3632 immo

194 3670 304 3733 verius
325 3666 506 3751 apostolice,
528 3684 636 3749 parere
657 3672 917 3749 contempnerent
937 3684 994 3728 seu
1016 3684 1049 3728 se
1071 3664 1315 3728 contradictores
1335 3666 1503 3730 redderent

195 3778 252 3831 aut
283 3766 433 3842 rebelles,
458 3764 508 3826 νε]
539 3764 800 3846 impedimentum
832 3765 933 3847 ipsius
965 3764 1086 3827 domini
1107 3762 1249 3826 Heinrici
1276 3764 1501 3848 archiepiscopi

197 3865 452 3948 Magunlinensis
474 3861 708 3943 quomodolibet
734 3861 898 3940 facientes
926 3861 1108 3925 ordinantes
1133 3860 1182 3924 vel
1204 3861 1419 3943 disponentes
1446 3868 1502 3925 aut

193 3959 557 4045 impedientibusipsum
569 3960 836 4043 superpremissis
847 3961 880 4023 in
892 3961 999 4042 aliquo
1017 3960 1127 4022 dantes
1145 3959 1311 4032 auxilium,
1332 3959 1501 4022 consilium

195 4062 244 4125 νε]
265 4061 404 4123 favorem
427 4058 551 4140 publice
581 4058 631 4121 vel
654 4060 775 4122 occulte
797 4066 851 4121 aut
872 4060 971 4121 eciam
994 4060 1100 4140 ipsum
1124 4056 1290 4119 dominum
1311 4056 1502 4121 Heinricum

195 4158 465 4241 archiepiscopum
487 4154 763 4238 Magantinensom
790 4156 839 4219 vel
868 4158 938 4219 eius
964 4160 1182 4238 procuratores
1204 4156 1236 4216 ln
1260 4156 1421 4237 premissis
1442 4156 1504 4218 im-

197 4254 396 4338 pedientibus
417 4272 480 4315 non
502 4254 690 4325 resistentes,
715 4261 750 4317 ut
772 4256 919 4337 superius
945 4261 992 4316 est
1013 4271 1213 4335 expressum,
1241 4253 1302 4315 nisi
1330 4253 1412 4315 intra
1434 4272 1503 4336 pre·

198 4355 320 4417 dictum
341 4353 513 4415 terminum
535 4372 553 4415 a
572 4353 832 4432 contradictione,
854 4351 1033 4428 rebellione,
1054 4350 1288 4433 impedimento,
1310 4350 1503 4431 turbacione,

199 4452 330 4530 auxilio,
357 4451 488 4515 consilio
511 4452 560 4514 rel
580 4452 687 4514 favore
709 4450 891 4514 huiusmodi
913 4450 1043 4514 omnino
1070 4448 1257 4511 desisterent
1284 4454 1314 4511 et
1346 4446 1505 4512 mandatis

198 4549 322 4631 nostris,
343 4551 441 4617 immo
454 4550 560 4616 verius
577 4549 761 4636 apostolicis,
778 4555 808 4612 et
824 4550 954 4612 monitis
972 4546 1119 4630 predictis
1134 4547 1167 4607 in
1189 4546 1247 4609 hac
1268 4552 1355 4630 parte
1375 4548 1506 4610 omnino
