<?xml version="1.0" encoding="UTF-8"?>
<!DOCTYPE html PUBLIC "-//W3C//DTD XHTML 1.0 Transitional//EN"
    "http://www.w3.org/TR/xhtml1/DTD/xhtml1-transitional.dtd">
<html xmlns="http://www.w3.org/1999/xhtml" xml:lang="en" lang="en">
 <head>
  <title>
</title>
<meta http-equiv="Content-Type" content="text/html;charset=utf-8" />
  <meta name='ocr-system' content='tesseract 3.04.00' />
  <meta name='ocr-capabilities' content='ocr_page ocr_carea ocr_par ocr_line ocrx_word'/>
</head>
<body>
  <div class='ocr_page' id='page_1' title='image "./urkundenbuchder04sachgoog_0621.png"; bbox 0 0 3525 5209; ppageno 0'>
   <div class='ocr_carea' id='block_1_1' title="bbox 281 388 1226 475">
    <p class='ocr_par' dir='ltr' id='par_1_1' title="bbox 281 388 1226 475">
     <span class='ocr_line' id='line_1_1' title="bbox 281 388 1226 475; baseline -0.005 -13"><span class='ocrx_word' id='word_1_1' title='bbox 281 409 332 462; x_wconf 77' lang='grc'>608</span> <span class='ocrx_word' id='word_1_2' title='bbox 636 401 910 475; x_wconf 72' lang='lat' dir='ltr'>liescbicbtsqnellen</span> <span class='ocrx_word' id='word_1_3' title='bbox 930 403 978 458; x_wconf 91' lang='lat' dir='ltr'>der</span> <span class='ocrx_word' id='word_1_4' title='bbox 996 388 1076 458; x_wconf 75' lang='lat' dir='ltr'>Pron.</span> <span class='ocrx_word' id='word_1_5' title='bbox 1097 397 1226 458; x_wconf 88' lang='lat' dir='ltr'>Sachsen.</span> 
     </span>
    </p>
   </div>
   <div class='ocr_carea' id='block_1_2' title="bbox 280 551 1660 4664">
    <p class='ocr_par' dir='ltr' id='par_1_2' title="bbox 280 551 1660 4664">
     <span class='ocr_line' id='line_1_2' title="bbox 280 551 1586 642; baseline -0.005 -20"><span class='ocrx_word' id='word_1_6' title='bbox 280 559 474 642; x_wconf 90' lang='lat' dir='ltr'>presentium</span> <span class='ocrx_word' id='word_1_7' title='bbox 500 559 726 621; x_wconf 80' lang='lat' dir='ltr'>contumatiam</span> <span class='ocrx_word' id='word_1_8' title='bbox 754 563 922 620; x_wconf 78' lang='lat' dir='ltr'>amusante</span> <span class='ocrx_word' id='word_1_9' title='bbox 947 561 974 618; x_wconf 89' lang='lat' dir='ltr'>el</span> <span class='ocrx_word' id='word_1_10' title='bbox 1006 575 1060 638; x_wconf 91' lang='lat' dir='ltr'>per</span> <span class='ocrx_word' id='word_1_11' title='bbox 1087 577 1145 618; x_wconf 91' lang='lat' dir='ltr'>nos</span> <span class='ocrx_word' id='word_1_12' title='bbox 1169 557 1246 638; x_wconf 88' lang='lat' dir='ltr'>ipsis</span> <span class='ocrx_word' id='word_1_13' title='bbox 1274 557 1305 618; x_wconf 91' lang='lat' dir='ltr'>iu</span> <span class='ocrx_word' id='word_1_14' title='bbox 1336 555 1471 638; x_wconf 83' lang='lat' dir='ltr'>singulis</span> <span class='ocrx_word' id='word_1_15' title='bbox 1494 551 1586 615; x_wconf 85' lang='lat' dir='ltr'>dictis</span> 
     </span>
     <span class='ocr_line' id='line_1_3' title="bbox 280 653 1587 738; baseline -0.006 -18"><span class='ocrx_word' id='word_1_16' title='bbox 280 658 423 721; x_wconf 86' lang='lat' dir='ltr'>terminis</span> <span class='ocrx_word' id='word_1_17' title='bbox 458 655 701 719; x_wconf 78' lang='lat' dir='ltr'><strong>contumacibus</strong></span> <span class='ocrx_word' id='word_1_18' title='bbox 736 656 888 738; x_wconf 87' lang='lat' dir='ltr'>reputatis</span> <span class='ocrx_word' id='word_1_19' title='bbox 918 661 948 716; x_wconf 88' lang='lat' dir='ltr'>et</span> <span class='ocrx_word' id='word_1_20' title='bbox 983 654 1014 715; x_wconf 93' lang='lat' dir='ltr'>in</span> <span class='ocrx_word' id='word_1_21' title='bbox 1050 655 1160 716; x_wconf 91' lang='lat' dir='ltr'>ultimo</span> <span class='ocrx_word' id='word_1_22' title='bbox 1191 655 1346 716; x_wconf 92' lang='lat' dir='ltr'>dictorum</span> <span class='ocrx_word' id='word_1_23' title='bbox 1379 653 1587 716; x_wconf 89' lang='lat' dir='ltr'>terminorum</span> 
     </span>
     <span class='ocr_line' id='line_1_4' title="bbox 281 751 1588 833; baseline -0.006 -15"><span class='ocrx_word' id='word_1_24' title='bbox 281 757 413 818; x_wconf 88' lang='lat' dir='ltr'>termino</span> <span class='ocrx_word' id='word_1_25' title='bbox 435 774 531 818; x_wconf 87' lang='lat' dir='ltr'>causa</span> <span class='ocrx_word' id='word_1_26' title='bbox 553 773 608 816; x_wconf 91' lang='lat' dir='ltr'>seu</span> <span class='ocrx_word' id='word_1_27' title='bbox 631 755 736 816; x_wconf 88' lang='lat' dir='ltr'>causis</span> <span class='ocrx_word' id='word_1_28' title='bbox 758 751 940 814; x_wconf 86' lang='lat' dir='ltr'>huiusmodi</span> <span class='ocrx_word' id='word_1_29' title='bbox 964 753 996 814; x_wconf 91' lang='lat' dir='ltr'>in</span> <span class='ocrx_word' id='word_1_30' title='bbox 1016 759 1098 813; x_wconf 88' lang='lat' dir='ltr'>statn</span> <span class='ocrx_word' id='word_1_31' title='bbox 1113 752 1249 833; x_wconf 87' lang='lat' dir='ltr'>predicto</span> <span class='ocrx_word' id='word_1_32' title='bbox 1266 770 1319 833; x_wconf 89' lang='lat' dir='ltr'>per</span> <span class='ocrx_word' id='word_1_33' title='bbox 1338 769 1395 813; x_wconf 92' lang='lat' dir='ltr'>nos</span> <span class='ocrx_word' id='word_1_34' title='bbox 1409 751 1588 830; x_wconf 89' lang='lat' dir='ltr'>resumptis,</span> 
     </span>
     <span class='ocr_line' id='line_1_5' title="bbox 280 846 1587 932; baseline -0.007 -15"><span class='ocrx_word' id='word_1_35' title='bbox 280 853 340 918; x_wconf 93' lang='lat' dir='ltr'>sub</span> <span class='ocrx_word' id='word_1_36' title='bbox 362 853 496 932; x_wconf 81' lang='lat' dir='ltr'>sigillata</span> <span class='ocrx_word' id='word_1_37' title='bbox 517 860 622 914; x_wconf 89' lang='lat' dir='ltr'>antem</span> <span class='ocrx_word' id='word_1_38' title='bbox 644 852 799 924; x_wconf 72' lang='lat' dir='ltr'>citatione,</span> <span class='ocrx_word' id='word_1_39' title='bbox 822 858 856 912; x_wconf 93' lang='lat' dir='ltr'>ut</span> <span class='ocrx_word' id='word_1_40' title='bbox 871 850 1070 932; x_wconf 88' lang='lat' dir='ltr'>premittitur,</span> <span class='ocrx_word' id='word_1_41' title='bbox 1091 849 1129 911; x_wconf 91' lang='lat' dir='ltr'>ad</span> <span class='ocrx_word' id='word_1_42' title='bbox 1152 859 1255 932; x_wconf 90' lang='lat' dir='ltr'>partes</span> <span class='ocrx_word' id='word_1_43' title='bbox 1276 849 1399 911; x_wconf 89' lang='lat' dir='ltr'>decreta</span> <span class='ocrx_word' id='word_1_44' title='bbox 1420 857 1451 910; x_wconf 87' lang='lat' dir='ltr'>et</span> <span class='ocrx_word' id='word_1_45' title='bbox 1470 846 1587 909; x_wconf 85' lang='lat' dir='ltr'>ibidem</span> 
     </span>
     <span class='ocr_line' id='line_1_6' title="bbox 280 948 1587 1033; baseline -0.002 -21"><span class='ocrx_word' id='word_1_46' title='bbox 280 960 413 1014; x_wconf 88' lang='lat' dir='ltr'>executa</span> <span class='ocrx_word' id='word_1_47' title='bbox 437 970 591 1013; x_wconf 91' lang='lat' dir='ltr'>unacum</span> <span class='ocrx_word' id='word_1_48' title='bbox 615 953 715 1033; x_wconf 89' lang='lat' dir='ltr'>ipsius</span> <span class='ocrx_word' id='word_1_49' title='bbox 743 953 945 1014; x_wconf 86' lang='lat' dir='ltr'>execucionis</span> <span class='ocrx_word' id='word_1_50' title='bbox 974 950 1107 1033; x_wconf 87' lang='lat' dir='ltr'>publicis</span> <span class='ocrx_word' id='word_1_51' title='bbox 1133 952 1352 1013; x_wconf 76' lang='lat' dir='ltr'>instrumentis</span> <span class='ocrx_word' id='word_1_52' title='bbox 1379 950 1417 1012; x_wconf 94' lang='lat' dir='ltr'>de</span> <span class='ocrx_word' id='word_1_53' title='bbox 1445 948 1587 1032; x_wconf 89' lang='lat' dir='ltr'>partibus</span> 
     </span>
     <span class='ocr_line' id='line_1_7' title="bbox 281 1047 1660 1132; baseline -0.001 -22"><span class='ocrx_word' id='word_1_54' title='bbox 281 1051 445 1132; x_wconf 76' lang='lat' dir='ltr'>inportatis</span> <span class='ocrx_word' id='word_1_55' title='bbox 483 1058 514 1111; x_wconf 88' lang='lat' dir='ltr'>et</span> <span class='ocrx_word' id='word_1_56' title='bbox 549 1069 654 1112; x_wconf 88' lang='lat' dir='ltr'>coram</span> <span class='ocrx_word' id='word_1_57' title='bbox 695 1049 786 1112; x_wconf 91' lang='lat' dir='ltr'>nobis</span> <span class='ocrx_word' id='word_1_58' title='bbox 823 1049 973 1112; x_wconf 81' lang='lat' dir='ltr'>exhibitis</span> <span class='ocrx_word' id='word_1_59' title='bbox 1006 1061 1036 1111; x_wconf 89' lang='lat' dir='ltr'>et</span> <span class='ocrx_word' id='word_1_60' title='bbox 1068 1049 1236 1132; x_wconf 88' lang='lat' dir='ltr'>productis,</span> <span class='ocrx_word' id='word_1_61' title='bbox 1275 1067 1332 1111; x_wconf 90' lang='lat' dir='ltr'>nos</span> <span class='ocrx_word' id='word_1_62' title='bbox 1368 1048 1407 1110; x_wconf 86' lang='lat' dir='ltr'>ad</span> <span class='ocrx_word' id='word_1_63' title='bbox 1439 1047 1586 1110; x_wconf 80' lang='lat' dir='ltr'>antedicti</span> <span class='ocrx_word' id='word_1_64' title='bbox 1653 1073 1660 1092; x_wconf 87' lang='lat'><strong>·</strong></span> 
     </span>
     <span class='ocr_line' id='line_1_8' title="bbox 281 1145 1587 1230; baseline -0.003 -20"><span class='ocrx_word' id='word_1_65' title='bbox 281 1148 424 1229; x_wconf 81' lang='lat' dir='ltr'>magistri</span> <span class='ocrx_word' id='word_1_66' title='bbox 460 1145 566 1226; x_wconf 84' lang='lat' dir='ltr'>Doyni</span> <span class='ocrx_word' id='word_1_67' title='bbox 605 1147 643 1210; x_wconf 92' lang='lat' dir='ltr'>de</span> <span class='ocrx_word' id='word_1_68' title='bbox 682 1146 790 1210; x_wconf 88' lang='lat' dir='ltr'>Remis</span> <span class='ocrx_word' id='word_1_69' title='bbox 833 1149 1061 1230; x_wconf 77' lang='lat' dir='ltr'>procuratoris,</span> <span class='ocrx_word' id='word_1_70' title='bbox 1106 1147 1319 1228; x_wconf 88' lang='lat' dir='ltr'>procuratorio</span> <span class='ocrx_word' id='word_1_71' title='bbox 1358 1147 1487 1209; x_wconf 90' lang='lat' dir='ltr'>nomine</span> <span class='ocrx_word' id='word_1_72' title='bbox 1523 1165 1587 1227; x_wconf 91' lang='lat' dir='ltr'>qno</span> 
     </span>
     <span class='ocr_line' id='line_1_9' title="bbox 282 1243 1590 1329; baseline -0.004 -21"><span class='ocrx_word' id='word_1_73' title='bbox 282 1265 379 1329; x_wconf 89' lang='lat' dir='ltr'>supra</span> <span class='ocrx_word' id='word_1_74' title='bbox 417 1264 521 1307; x_wconf 89' lang='lat' dir='ltr'>coram</span> <span class='ocrx_word' id='word_1_75' title='bbox 558 1244 649 1308; x_wconf 90' lang='lat' dir='ltr'>nobis</span> <span class='ocrx_word' id='word_1_76' title='bbox 691 1247 721 1307; x_wconf 93' lang='lat' dir='ltr'>in</span> <span class='ocrx_word' id='word_1_77' title='bbox 764 1245 879 1308; x_wconf 90' lang='lat' dir='ltr'>iudicio</span> <span class='ocrx_word' id='word_1_78' title='bbox 916 1246 1139 1327; x_wconf 78' lang='lat' dir='ltr'>comparentis,</span> <span class='ocrx_word' id='word_1_79' title='bbox 1174 1246 1360 1307; x_wconf 84' lang='lat' dir='ltr'>instanciam</span> <span class='ocrx_word' id='word_1_80' title='bbox 1394 1243 1590 1326; x_wconf 87' lang='lat' dir='ltr'>supradictos</span> 
     </span>
     <span class='ocr_line' id='line_1_10' title="bbox 282 1341 1591 1425; baseline -0.002 -22"><span class='ocrx_word' id='word_1_81' title='bbox 282 1362 393 1406; x_wconf 68' lang='lat' dir='ltr'>(amnes</span> <span class='ocrx_word' id='word_1_82' title='bbox 414 1351 445 1406; x_wconf 89' lang='lat' dir='ltr'>et</span> <span class='ocrx_word' id='word_1_83' title='bbox 466 1343 609 1425; x_wconf 85' lang='lat' dir='ltr'>singulos</span> <span class='ocrx_word' id='word_1_84' title='bbox 631 1344 741 1406; x_wconf 90' lang='lat' dir='ltr'>citatos</span> <span class='ocrx_word' id='word_1_85' title='bbox 762 1341 802 1404; x_wconf 86' lang='lat' dir='ltr'>ad</span> <span class='ocrx_word' id='word_1_86' title='bbox 825 1342 993 1405; x_wconf 87' lang='lat' dir='ltr'>dicendum</span> <span class='ocrx_word' id='word_1_87' title='bbox 1013 1348 1044 1404; x_wconf 91' lang='lat' dir='ltr'>et</span> <span class='ocrx_word' id='word_1_88' title='bbox 1060 1342 1297 1425; x_wconf 88' lang='lat' dir='ltr'>opponendum,</span> <span class='ocrx_word' id='word_1_89' title='bbox 1320 1342 1471 1424; x_wconf 85' lang='lat' dir='ltr'>quicquid</span> <span class='ocrx_word' id='word_1_90' title='bbox 1488 1341 1591 1402; x_wconf 81' lang='lat' dir='ltr'>dicere</span> 
     </span>
     <span class='ocr_line' id='line_1_11' title="bbox 285 1440 1587 1523; baseline -0.002 -22"><span class='ocrx_word' id='word_1_91' title='bbox 285 1441 332 1504; x_wconf 90' lang='lat' dir='ltr'>vel</span> <span class='ocrx_word' id='word_1_92' title='bbox 362 1460 518 1523; x_wconf 89' lang='lat' dir='ltr'>opponere</span> <span class='ocrx_word' id='word_1_93' title='bbox 540 1440 655 1503; x_wconf 84' lang='lat' dir='ltr'>vellent</span> <span class='ocrx_word' id='word_1_94' title='bbox 685 1440 778 1502; x_wconf 84' lang='lat' dir='ltr'>verbo</span> <span class='ocrx_word' id='word_1_95' title='bbox 801 1440 848 1502; x_wconf 83' lang='lat' dir='ltr'>rel</span> <span class='ocrx_word' id='word_1_96' title='bbox 871 1442 904 1502; x_wconf 90' lang='lat' dir='ltr'>in</span> <span class='ocrx_word' id='word_1_97' title='bbox 926 1440 1050 1522; x_wconf 87' lang='lat' dir='ltr'>scriptis</span> <span class='ocrx_word' id='word_1_98' title='bbox 1071 1446 1180 1502; x_wconf 88' lang='lat' dir='ltr'>contra</span> <span class='ocrx_word' id='word_1_99' title='bbox 1204 1440 1384 1502; x_wconf 87' lang='lat' dir='ltr'>lminsmodi</span> <span class='ocrx_word' id='word_1_100' title='bbox 1407 1440 1587 1501; x_wconf 81' lang='lat' dir='ltr'>citationem</span> 
     </span>
     <span class='ocr_line' id='line_1_12' title="bbox 282 1536 1587 1620; baseline -0.002 -19"><span class='ocrx_word' id='word_1_101' title='bbox 282 1546 314 1601; x_wconf 91' lang='lat' dir='ltr'>ot</span> <span class='ocrx_word' id='word_1_102' title='bbox 334 1540 404 1601; x_wconf 92' lang='lat' dir='ltr'>eius</span> <span class='ocrx_word' id='word_1_103' title='bbox 425 1538 643 1600; x_wconf 85' lang='lat' dir='ltr'>executionem</span> <span class='ocrx_word' id='word_1_104' title='bbox 666 1559 721 1620; x_wconf 88' lang='lat' dir='ltr'>per</span> <span class='ocrx_word' id='word_1_105' title='bbox 742 1538 934 1601; x_wconf 87' lang='lat' dir='ltr'>audientiam</span> <span class='ocrx_word' id='word_1_106' title='bbox 957 1536 1116 1619; x_wconf 85' lang='lat' dir='ltr'>publicam</span> <span class='ocrx_word' id='word_1_107' title='bbox 1133 1538 1306 1600; x_wconf 86' lang='lat' dir='ltr'>litterarum</span> <span class='ocrx_word' id='word_1_108' title='bbox 1321 1537 1587 1600; x_wconf 88' lang='lat' dir='ltr'>contradictarum</span> 
     </span>
     <span class='ocr_line' id='line_1_13' title="bbox 287 1635 1586 1720; baseline -0.003 -20"><span class='ocrx_word' id='word_1_109' title='bbox 287 1638 406 1700; x_wconf 92' lang='lat' dir='ltr'>domini</span> <span class='ocrx_word' id='word_1_110' title='bbox 418 1638 518 1698; x_wconf 89' lang='lat' dir='ltr'>nostri</span> <span class='ocrx_word' id='word_1_111' title='bbox 530 1657 616 1720; x_wconf 85' lang='lat' dir='ltr'>pape,</span> <span class='ocrx_word' id='word_1_112' title='bbox 639 1639 725 1700; x_wconf 88' lang='lat' dir='ltr'>citari</span> <span class='ocrx_word' id='word_1_113' title='bbox 740 1637 962 1699; x_wconf 85' lang='lat' dir='ltr'>mandavimus</span> <span class='ocrx_word' id='word_1_114' title='bbox 974 1643 1004 1698; x_wconf 91' lang='lat' dir='ltr'>et</span> <span class='ocrx_word' id='word_1_115' title='bbox 1013 1635 1147 1698; x_wconf 86' lang='lat' dir='ltr'>fecimus</span> <span class='ocrx_word' id='word_1_116' title='bbox 1158 1637 1195 1699; x_wconf 90' lang='lat' dir='ltr'>ad</span> <span class='ocrx_word' id='word_1_117' title='bbox 1209 1645 1328 1700; x_wconf 87' lang='lat' dir='ltr'>certum</span> <span class='ocrx_word' id='word_1_118' title='bbox 1342 1637 1586 1718; x_wconf 87' lang='lat' dir='ltr'>peremptorium</span> 
     </span>
     <span class='ocr_line' id='line_1_14' title="bbox 285 1735 1590 1817; baseline -0.004 -18"><span class='ocrx_word' id='word_1_119' title='bbox 285 1737 456 1799; x_wconf 89' lang='lat' dir='ltr'>terminum</span> <span class='ocrx_word' id='word_1_120' title='bbox 485 1741 729 1817; x_wconf 81' lang='lat' dir='ltr'>competentem,</span> <span class='ocrx_word' id='word_1_121' title='bbox 758 1737 897 1816; x_wconf 88' lang='lat' dir='ltr'>ipsarum</span> <span class='ocrx_word' id='word_1_122' title='bbox 927 1735 1090 1796; x_wconf 88' lang='lat' dir='ltr'>citacionis</span> <span class='ocrx_word' id='word_1_123' title='bbox 1118 1745 1148 1796; x_wconf 87' lang='lat' dir='ltr'>et</span> <span class='ocrx_word' id='word_1_124' title='bbox 1179 1735 1247 1797; x_wconf 90' lang='lat' dir='ltr'>eins</span> <span class='ocrx_word' id='word_1_125' title='bbox 1278 1736 1473 1797; x_wconf 78' lang='lat' dir='ltr'>executionis</span> <span class='ocrx_word' id='word_1_126' title='bbox 1498 1735 1590 1816; x_wconf 85' lang='lat' dir='ltr'>copia</span> 
     </span>
     <span class='ocr_line' id='line_1_15' title="bbox 282 1831 1589 1917; baseline -0.003 -23"><span class='ocrx_word' id='word_1_127' title='bbox 282 1834 375 1896; x_wconf 91' lang='lat' dir='ltr'>dictis</span> <span class='ocrx_word' id='word_1_128' title='bbox 396 1833 530 1895; x_wconf 85' lang='lat' dir='ltr'>citandis</span> <span class='ocrx_word' id='word_1_129' title='bbox 553 1834 698 1916; x_wconf 85' lang='lat' dir='ltr'>primitus</span> <span class='ocrx_word' id='word_1_130' title='bbox 719 1853 774 1917; x_wconf 90' lang='lat' dir='ltr'>per</span> <span class='ocrx_word' id='word_1_131' title='bbox 796 1853 854 1896; x_wconf 90' lang='lat' dir='ltr'>nos</span> <span class='ocrx_word' id='word_1_132' title='bbox 873 1834 1005 1895; x_wconf 87' lang='lat' dir='ltr'>decreta.</span> <span class='ocrx_word' id='word_1_133' title='bbox 1050 1833 1084 1895; x_wconf 91' lang='lat' dir='ltr'>ln</span> <span class='ocrx_word' id='word_1_134' title='bbox 1109 1853 1172 1915; x_wconf 82' lang='lat' dir='ltr'>qno</span> <span class='ocrx_word' id='word_1_135' title='bbox 1195 1834 1322 1915; x_wconf 87' lang='lat' dir='ltr'>quidem</span> <span class='ocrx_word' id='word_1_136' title='bbox 1346 1834 1479 1894; x_wconf 89' lang='lat' dir='ltr'>termino</span> <span class='ocrx_word' id='word_1_137' title='bbox 1506 1831 1589 1894; x_wconf 89' lang='lat' dir='ltr'>dicto</span> 
     </span>
     <span class='ocr_line' id='line_1_16' title="bbox 282 1928 1589 2014; baseline -0.002 -20"><span class='ocrx_word' id='word_1_138' title='bbox 282 1931 431 2013; x_wconf 80' lang='lat' dir='ltr'>magistro</span> <span class='ocrx_word' id='word_1_139' title='bbox 453 1928 566 2011; x_wconf 73' lang='lat' dir='ltr'>Doyno</span> <span class='ocrx_word' id='word_1_140' title='bbox 587 1931 625 1994; x_wconf 92' lang='lat' dir='ltr'>de</span> <span class='ocrx_word' id='word_1_141' title='bbox 647 1930 755 1994; x_wconf 88' lang='lat' dir='ltr'>Remis</span> <span class='ocrx_word' id='word_1_142' title='bbox 776 1939 990 2014; x_wconf 89' lang='lat' dir='ltr'>procuratore,</span> <span class='ocrx_word' id='word_1_143' title='bbox 1024 1933 1235 2014; x_wconf 84' lang='lat' dir='ltr'>procuratorio</span> <span class='ocrx_word' id='word_1_144' title='bbox 1259 1932 1386 1993; x_wconf 90' lang='lat' dir='ltr'>nomine</span> <span class='ocrx_word' id='word_1_145' title='bbox 1408 1951 1471 2012; x_wconf 90' lang='lat' dir='ltr'>qno</span> <span class='ocrx_word' id='word_1_146' title='bbox 1494 1949 1589 2012; x_wconf 90' lang='lat' dir='ltr'>supra</span> 
     </span>
     <span class='ocr_line' id='line_1_17' title="bbox 282 2027 1587 2111; baseline -0.002 -21"><span class='ocrx_word' id='word_1_147' title='bbox 282 2050 387 2091; x_wconf 89' lang='lat' dir='ltr'>coram</span> <span class='ocrx_word' id='word_1_148' title='bbox 409 2028 500 2090; x_wconf 90' lang='lat' dir='ltr'>nobis</span> <span class='ocrx_word' id='word_1_149' title='bbox 521 2027 710 2092; x_wconf 88' lang='lat' dir='ltr'>iudicialiter</span> <span class='ocrx_word' id='word_1_150' title='bbox 730 2037 930 2111; x_wconf 90' lang='lat' dir='ltr'>comparente</span> <span class='ocrx_word' id='word_1_151' title='bbox 952 2035 982 2092; x_wconf 90' lang='lat' dir='ltr'>ct</span> <span class='ocrx_word' id='word_1_152' title='bbox 1003 2029 1161 2111; x_wconf 82' lang='lat' dir='ltr'>qiiundam</span> <span class='ocrx_word' id='word_1_153' title='bbox 1178 2030 1258 2091; x_wconf 89' lang='lat' dir='ltr'>dicte</span> <span class='ocrx_word' id='word_1_154' title='bbox 1273 2028 1431 2091; x_wconf 85' lang='lat' dir='ltr'>citationis</span> <span class='ocrx_word' id='word_1_155' title='bbox 1444 2027 1587 2090; x_wconf 88' lang='lat' dir='ltr'>cedulam</span> 
     </span>
     <span class='ocr_line' id='line_1_18' title="bbox 282 2125 1587 2209; baseline -0.002 -20"><span class='ocrx_word' id='word_1_156' title='bbox 282 2129 314 2189; x_wconf 93' lang='lat' dir='ltr'>in</span> <span class='ocrx_word' id='word_1_157' title='bbox 336 2127 496 2189; x_wconf 90' lang='lat' dir='ltr'>audientia</span> <span class='ocrx_word' id='word_1_158' title='bbox 518 2125 642 2207; x_wconf 89' lang='lat' dir='ltr'>publica</span> <span class='ocrx_word' id='word_1_159' title='bbox 664 2127 801 2209; x_wconf 88' lang='lat' dir='ltr'>predicta</span> <span class='ocrx_word' id='word_1_160' title='bbox 822 2127 926 2190; x_wconf 91' lang='lat' dir='ltr'>debite</span> <span class='ocrx_word' id='word_1_161' title='bbox 948 2135 1112 2190; x_wconf 88' lang='lat' dir='ltr'>exacutam</span> <span class='ocrx_word' id='word_1_162' title='bbox 1136 2135 1370 2208; x_wconf 84' lang='lat' dir='ltr'>representante</span> <span class='ocrx_word' id='word_1_163' title='bbox 1380 2134 1411 2188; x_wconf 92' lang='lat' dir='ltr'>et</span> <span class='ocrx_word' id='word_1_164' title='bbox 1421 2129 1587 2189; x_wconf 86' lang='lat' dir='ltr'>citatorum</span> 
     </span>
     <span class='ocr_line' id='line_1_19' title="bbox 283 2226 1589 2306; baseline -0.002 -18"><span class='ocrx_word' id='word_1_165' title='bbox 283 2229 313 2288; x_wconf 90' lang='lat' dir='ltr'>in</span> <span class='ocrx_word' id='word_1_166' title='bbox 342 2245 379 2288; x_wconf 92' lang='lat' dir='ltr'>ea</span> <span class='ocrx_word' id='word_1_167' title='bbox 399 2232 620 2288; x_wconf 86' lang='lat' dir='ltr'>contentorum</span> <span class='ocrx_word' id='word_1_168' title='bbox 649 2245 713 2287; x_wconf 88' lang='lat' dir='ltr'>non</span> <span class='ocrx_word' id='word_1_169' title='bbox 742 2227 992 2306; x_wconf 85' lang='lat' dir='ltr'>comparentium</span> <span class='ocrx_word' id='word_1_170' title='bbox 1016 2227 1248 2288; x_wconf 89' lang='lat' dir='ltr'>contumaciam</span> <span class='ocrx_word' id='word_1_171' title='bbox 1271 2232 1439 2287; x_wconf 87' lang='lat' dir='ltr'>accusante</span> <span class='ocrx_word' id='word_1_172' title='bbox 1462 2226 1589 2306; x_wconf 81' lang='lat' dir='ltr'>stipsis</span> 
     </span>
     <span class='ocr_line' id='line_1_20' title="bbox 283 2323 1590 2407; baseline -0.004 -20"><span class='ocrx_word' id='word_1_173' title='bbox 283 2344 338 2407; x_wconf 91' lang='lat' dir='ltr'>per</span> <span class='ocrx_word' id='word_1_174' title='bbox 358 2343 416 2386; x_wconf 91' lang='lat' dir='ltr'>nos</span> <span class='ocrx_word' id='word_1_175' title='bbox 438 2323 541 2404; x_wconf 82' lang='lat' dir='ltr'>quoad</span> <span class='ocrx_word' id='word_1_176' title='bbox 564 2331 669 2385; x_wconf 87' lang='lat' dir='ltr'>aetum</span> <span class='ocrx_word' id='word_1_177' title='bbox 692 2328 722 2385; x_wconf 87' lang='lat' dir='ltr'>et</span> <span class='ocrx_word' id='word_1_178' title='bbox 745 2325 915 2386; x_wconf 87' lang='lat' dir='ltr'>terminum</span> <span class='ocrx_word' id='word_1_179' title='bbox 947 2325 1128 2387; x_wconf 87' lang='lat' dir='ltr'>huiusmodi</span> <span class='ocrx_word' id='word_1_180' title='bbox 1161 2323 1402 2386; x_wconf 87' lang='lat' dir='ltr'>contumacibus</span> <span class='ocrx_word' id='word_1_181' title='bbox 1427 2323 1590 2403; x_wconf 89' lang='lat' dir='ltr'>reputatis,</span> 
     </span>
     <span class='ocr_line' id='line_1_21' title="bbox 283 2420 1590 2503; baseline -0.004 -18"><span class='ocrx_word' id='word_1_182' title='bbox 283 2423 395 2486; x_wconf 91' lang='lat' dir='ltr'>deinde</span> <span class='ocrx_word' id='word_1_183' title='bbox 434 2440 492 2482; x_wconf 91' lang='lat' dir='ltr'>nos</span> <span class='ocrx_word' id='word_1_184' title='bbox 533 2421 569 2482; x_wconf 91' lang='lat' dir='ltr'>ad</span> <span class='ocrx_word' id='word_1_185' title='bbox 614 2421 792 2503; x_wconf 86' lang='lat' dir='ltr'>supradicta</span> <span class='ocrx_word' id='word_1_186' title='bbox 830 2423 972 2503; x_wconf 86' lang='lat' dir='ltr'>magistri</span> <span class='ocrx_word' id='word_1_187' title='bbox 1011 2421 1113 2502; x_wconf 90' lang='lat' dir='ltr'>Doyni</span> <span class='ocrx_word' id='word_1_188' title='bbox 1151 2423 1189 2484; x_wconf 88' lang='lat' dir='ltr'>dc</span> <span class='ocrx_word' id='word_1_189' title='bbox 1231 2420 1339 2484; x_wconf 86' lang='lat' dir='ltr'>Renris</span> <span class='ocrx_word' id='word_1_190' title='bbox 1378 2422 1590 2503; x_wconf 86' lang='lat' dir='ltr'>procuratoris</span> 
     </span>
     <span class='ocr_line' id='line_1_22' title="bbox 284 2518 1590 2601; baseline -0.003 -18"><span class='ocrx_word' id='word_1_191' title='bbox 284 2521 472 2584; x_wconf 85' lang='lat' dir='ltr'>instanciam</span> <span class='ocrx_word' id='word_1_192' title='bbox 495 2518 692 2601; x_wconf 90' lang='lat' dir='ltr'>supradictos</span> <span class='ocrx_word' id='word_1_193' title='bbox 713 2538 823 2581; x_wconf 89' lang='lat' dir='ltr'>omncs</span> <span class='ocrx_word' id='word_1_194' title='bbox 845 2525 875 2581; x_wconf 90' lang='lat' dir='ltr'>ct</span> <span class='ocrx_word' id='word_1_195' title='bbox 897 2520 1039 2601; x_wconf 78' lang='lat' dir='ltr'>singulos</span> <span class='ocrx_word' id='word_1_196' title='bbox 1059 2521 1169 2582; x_wconf 87' lang='lat' dir='ltr'>citatos</span> <span class='ocrx_word' id='word_1_197' title='bbox 1189 2521 1227 2582; x_wconf 87' lang='lat' dir='ltr'>ad</span> <span class='ocrx_word' id='word_1_198' title='bbox 1243 2519 1382 2582; x_wconf 90' lang='lat' dir='ltr'>dandum</span> <span class='ocrx_word' id='word_1_199' title='bbox 1396 2527 1427 2581; x_wconf 92' lang='lat' dir='ltr'>et</span> <span class='ocrx_word' id='word_1_200' title='bbox 1439 2520 1590 2600; x_wconf 84' lang='lat' dir='ltr'>recipian-</span> 
     </span>
     <span class='ocr_line' id='line_1_23' title="bbox 283 2617 1588 2700; baseline -0.003 -18"><span class='ocrx_word' id='word_1_201' title='bbox 283 2621 357 2682; x_wconf 91' lang='lat' dir='ltr'>dnm</span> <span class='ocrx_word' id='word_1_202' title='bbox 381 2617 521 2680; x_wconf 88' lang='lat' dir='ltr'>libellum</span> <span class='ocrx_word' id='word_1_203' title='bbox 546 2619 613 2679; x_wconf 88' lang='lat' dir='ltr'>sive</span> <span class='ocrx_word' id='word_1_204' title='bbox 634 2618 819 2700; x_wconf 85' lang='lat' dir='ltr'>peticionem</span> <span class='ocrx_word' id='word_1_205' title='bbox 842 2619 1046 2681; x_wconf 84' lang='lat' dir='ltr'>srmmmriam</span> <span class='ocrx_word' id='word_1_206' title='bbox 1070 2620 1099 2679; x_wconf 93' lang='lat' dir='ltr'>in</span> <span class='ocrx_word' id='word_1_207' title='bbox 1113 2619 1381 2699; x_wconf 86' lang='lat' dir='ltr'>cansalruinspor</span> <span class='ocrx_word' id='word_1_208' title='bbox 1395 2617 1588 2680; x_wconf 89' lang='lat' dir='ltr'>audientiam</span> 
     </span>
     <span class='ocr_line' id='line_1_24' title="bbox 284 2715 1590 2802; baseline -0.003 -22"><span class='ocrx_word' id='word_1_209' title='bbox 284 2717 443 2802; x_wconf 84' lang='lat' dir='ltr'>publicam</span> <span class='ocrx_word' id='word_1_210' title='bbox 473 2715 642 2798; x_wconf 76' lang='lat' dir='ltr'>predictam</span> <span class='ocrx_word' id='word_1_211' title='bbox 671 2717 759 2776; x_wconf 86' lang='lat' dir='ltr'>citari</span> <span class='ocrx_word' id='word_1_212' title='bbox 790 2715 1012 2778; x_wconf 83' lang='lat' dir='ltr'>mandavimus</span> <span class='ocrx_word' id='word_1_213' title='bbox 1040 2725 1070 2778; x_wconf 91' lang='lat' dir='ltr'>et</span> <span class='ocrx_word' id='word_1_214' title='bbox 1091 2717 1222 2778; x_wconf 85' lang='lat' dir='ltr'>fecimus</span> <span class='ocrx_word' id='word_1_215' title='bbox 1245 2717 1282 2778; x_wconf 87' lang='lat' dir='ltr'>ad</span> <span class='ocrx_word' id='word_1_216' title='bbox 1305 2723 1424 2778; x_wconf 89' lang='lat' dir='ltr'>certum</span> <span class='ocrx_word' id='word_1_217' title='bbox 1449 2733 1590 2797; x_wconf 78' lang='lat' dir='ltr'>percmp-</span> 
     </span>
     <span class='ocr_line' id='line_1_25' title="bbox 283 2812 1591 2897; baseline -0.005 -18"><span class='ocrx_word' id='word_1_218' title='bbox 283 2817 400 2879; x_wconf 89' lang='lat' dir='ltr'>torium</span> <span class='ocrx_word' id='word_1_219' title='bbox 424 2816 594 2877; x_wconf 88' lang='lat' dir='ltr'>terminum</span> <span class='ocrx_word' id='word_1_220' title='bbox 621 2819 852 2896; x_wconf 85' lang='lat' dir='ltr'>conpetentem,</span> <span class='ocrx_word' id='word_1_221' title='bbox 882 2831 976 2895; x_wconf 86' lang='lat' dir='ltr'>quem</span> <span class='ocrx_word' id='word_1_222' title='bbox 1008 2813 1089 2876; x_wconf 91' lang='lat' dir='ltr'>dicto</span> <span class='ocrx_word' id='word_1_223' title='bbox 1123 2823 1177 2876; x_wconf 92' lang='lat' dir='ltr'>etc.</span> <span class='ocrx_word' id='word_1_224' title='bbox 1201 2816 1350 2897; x_wconf 83' lang='lat' dir='ltr'>magistro</span> <span class='ocrx_word' id='word_1_225' title='bbox 1377 2812 1491 2893; x_wconf 83' lang='lat' dir='ltr'>Dayno</span> <span class='ocrx_word' id='word_1_226' title='bbox 1521 2834 1591 2896; x_wconf 90' lang='lat' dir='ltr'>pro-</span> 
     </span>
     <span class='ocr_line' id='line_1_26' title="bbox 282 2911 1589 2995; baseline 0 -19"><span class='ocrx_word' id='word_1_227' title='bbox 282 2916 417 2978; x_wconf 85' lang='lat' dir='ltr'>curatori</span> <span class='ocrx_word' id='word_1_228' title='bbox 440 2921 471 2976; x_wconf 88' lang='lat' dir='ltr'>et</span> <span class='ocrx_word' id='word_1_229' title='bbox 493 2914 570 2995; x_wconf 91' lang='lat' dir='ltr'>parti</span> <span class='ocrx_word' id='word_1_230' title='bbox 594 2931 652 2973; x_wconf 87' lang='lat' dir='ltr'>sno</span> <span class='ocrx_word' id='word_1_231' title='bbox 679 2911 717 2972; x_wconf 89' lang='lat' dir='ltr'>ad</span> <span class='ocrx_word' id='word_1_232' title='bbox 749 2911 829 2973; x_wconf 84' lang='lat' dir='ltr'>idem</span> <span class='ocrx_word' id='word_1_233' title='bbox 859 2911 1012 2974; x_wconf 87' lang='lat' dir='ltr'>duximus</span> <span class='ocrx_word' id='word_1_234' title='bbox 1034 2913 1271 2994; x_wconf 86' lang='lat' dir='ltr'>assignandum.</span> <span class='ocrx_word' id='word_1_235' title='bbox 1315 2911 1350 2973; x_wconf 89' lang='lat' dir='ltr'>ln</span> <span class='ocrx_word' id='word_1_236' title='bbox 1375 2933 1437 2994; x_wconf 69' lang='lat' dir='ltr'>(luo</span> <span class='ocrx_word' id='word_1_237' title='bbox 1461 2912 1589 2994; x_wconf 84' lang='lat' dir='ltr'>quidem</span> 
     </span>
     <span class='ocr_line' id='line_1_27' title="bbox 283 3006 1589 3093; baseline -0.004 -18"><span class='ocrx_word' id='word_1_238' title='bbox 283 3013 416 3075; x_wconf 87' lang='lat' dir='ltr'>termino</span> <span class='ocrx_word' id='word_1_239' title='bbox 448 3011 586 3093; x_wconf 91' lang='lat' dir='ltr'>predicto</span> <span class='ocrx_word' id='word_1_240' title='bbox 616 3010 764 3090; x_wconf 86' lang='lat' dir='ltr'>magistro</span> <span class='ocrx_word' id='word_1_241' title='bbox 795 3006 909 3093; x_wconf 81' lang='lat' dir='ltr'>Doyno</span> <span class='ocrx_word' id='word_1_242' title='bbox 941 3017 1143 3093; x_wconf 87' lang='lat' dir='ltr'>procuratore</span> <span class='ocrx_word' id='word_1_243' title='bbox 1170 3049 1200 3055; x_wconf 91' lang='lat'>--</span> <span class='ocrx_word' id='word_1_244' title='bbox 1300 3049 1339 3056; x_wconf 86' lang='lat'>-</span> <span class='ocrx_word' id='word_1_245' title='bbox 1369 3015 1419 3054; x_wconf 75' lang='lat'><strong>-—-¹</strong></span> <span class='ocrx_word' id='word_1_246' title='bbox 1446 3010 1589 3072; x_wconf 88' lang='lat' dir='ltr'>cedulam</span> 
     </span>
     <span class='ocr_line' id='line_1_28' title="bbox 284 3108 1592 3191; baseline 0 -21"><span class='ocrx_word' id='word_1_247' title='bbox 284 3147 320 3155; x_wconf 79' lang='lat'>—</span> <span class='ocrx_word' id='word_1_248' title='bbox 343 3148 382 3155; x_wconf 91' lang='lat'>—</span> <span class='ocrx_word' id='word_1_249' title='bbox 406 3148 444 3154; x_wconf 84' lang='grc'>-</span> <span class='ocrx_word' id='word_1_250' title='bbox 465 3112 516 3152; x_wconf 83' lang='lat'>-¹</span> <span class='ocrx_word' id='word_1_251' title='bbox 539 3113 706 3170; x_wconf 82' lang='lat' dir='ltr'>acerisantc</span> <span class='ocrx_word' id='word_1_252' title='bbox 728 3113 758 3168; x_wconf 86' lang='lat' dir='ltr'>et</span> <span class='ocrx_word' id='word_1_253' title='bbox 779 3108 810 3168; x_wconf 91' lang='lat' dir='ltr'>in</span> <span class='ocrx_word' id='word_1_254' title='bbox 824 3127 932 3170; x_wconf 90' lang='lat' dir='ltr'>eornm</span> <span class='ocrx_word' id='word_1_255' title='bbox 950 3111 1180 3172; x_wconf 88' lang='lat' dir='ltr'>contumaciam</span> <span class='ocrx_word' id='word_1_256' title='bbox 1205 3109 1361 3191; x_wconf 88' lang='lat' dir='ltr'>quendam</span> <span class='ocrx_word' id='word_1_257' title='bbox 1382 3110 1456 3171; x_wconf 85' lang='lat' dir='ltr'>certi</span> <span class='ocrx_word' id='word_1_258' title='bbox 1475 3109 1592 3171; x_wconf 88' lang='lat' dir='ltr'>tenoris</span> 
     </span>
     <span class='ocr_line' id='line_1_29' title="bbox 285 3205 1591 3290; baseline -0.001 -21"><span class='ocrx_word' id='word_1_259' title='bbox 285 3208 424 3270; x_wconf 87' lang='lat' dir='ltr'>libellum</span> <span class='ocrx_word' id='word_1_260' title='bbox 448 3227 504 3290; x_wconf 92' lang='lat' dir='ltr'>pro</span> <span class='ocrx_word' id='word_1_261' title='bbox 526 3211 613 3288; x_wconf 91' lang='lat' dir='ltr'>parte</span> <span class='ocrx_word' id='word_1_262' title='bbox 635 3224 693 3268; x_wconf 88' lang='lat' dir='ltr'>sua</span> <span class='ocrx_word' id='word_1_263' title='bbox 715 3205 921 3287; x_wconf 90' lang='lat' dir='ltr'>producente,</span> <span class='ocrx_word' id='word_1_264' title='bbox 948 3227 1005 3269; x_wconf 91' lang='lat' dir='ltr'>nos</span> <span class='ocrx_word' id='word_1_265' title='bbox 1027 3208 1126 3270; x_wconf 90' lang='lat' dir='ltr'>dictos</span> <span class='ocrx_word' id='word_1_266' title='bbox 1149 3209 1260 3269; x_wconf 88' lang='lat' dir='ltr'>citatos</span> <span class='ocrx_word' id='word_1_267' title='bbox 1288 3227 1349 3270; x_wconf 89' lang='lat' dir='ltr'>nan</span> <span class='ocrx_word' id='word_1_268' title='bbox 1372 3217 1591 3288; x_wconf 85' lang='lat' dir='ltr'>comparentes</span> 
     </span>
     <span class='ocr_line' id='line_1_30' title="bbox 284 3303 1593 3388; baseline -0.002 -20"><span class='ocrx_word' id='word_1_269' title='bbox 284 3325 342 3368; x_wconf 87' lang='lat' dir='ltr'>nec</span> <span class='ocrx_word' id='word_1_270' title='bbox 361 3307 495 3369; x_wconf 89' lang='lat' dir='ltr'>termino</span> <span class='ocrx_word' id='word_1_271' title='bbox 518 3304 699 3367; x_wconf 89' lang='lat' dir='ltr'>huiusmodi</span> <span class='ocrx_word' id='word_1_272' title='bbox 721 3303 963 3381; x_wconf 83' lang='lat' dir='ltr'>satisfacientes,</span> <span class='ocrx_word' id='word_1_273' title='bbox 985 3304 1088 3367; x_wconf 91' lang='lat' dir='ltr'>debite</span> <span class='ocrx_word' id='word_1_274' title='bbox 1109 3311 1214 3367; x_wconf 89' lang='lat' dir='ltr'>tamen</span> <span class='ocrx_word' id='word_1_275' title='bbox 1237 3313 1446 3388; x_wconf 83' lang='lat' dir='ltr'>exspectatos,</span> <span class='ocrx_word' id='word_1_276' title='bbox 1468 3312 1593 3386; x_wconf 89' lang='lat' dir='ltr'>reputa-</span> 
     </span>
     <span class='ocr_line' id='line_1_31' title="bbox 285 3403 1593 3486; baseline 0 -22"><span class='ocrx_word' id='word_1_277' title='bbox 285 3406 390 3467; x_wconf 89' lang='lat' dir='ltr'>vimus</span> <span class='ocrx_word' id='word_1_278' title='bbox 418 3403 520 3485; x_wconf 83' lang='lat' dir='ltr'>quoud</span> <span class='ocrx_word' id='word_1_279' title='bbox 548 3411 654 3464; x_wconf 88' lang='lat' dir='ltr'>actum</span> <span class='ocrx_word' id='word_1_280' title='bbox 683 3407 713 3462; x_wconf 94' lang='lat' dir='ltr'>et</span> <span class='ocrx_word' id='word_1_281' title='bbox 741 3403 912 3464; x_wconf 89' lang='lat' dir='ltr'>terminum</span> <span class='ocrx_word' id='word_1_282' title='bbox 942 3403 1038 3465; x_wconf 89' lang='lat' dir='ltr'>huius</span> <span class='ocrx_word' id='word_1_283' title='bbox 1065 3405 1210 3486; x_wconf 83' lang='lat' dir='ltr'>exigente</span> <span class='ocrx_word' id='word_1_284' title='bbox 1238 3404 1363 3466; x_wconf 89' lang='lat' dir='ltr'>iusticia</span> <span class='ocrx_word' id='word_1_285' title='bbox 1390 3411 1593 3466; x_wconf 81' lang='lat' dir='ltr'>contumaces</span> 
     </span>
     <span class='ocr_line' id='line_1_32' title="bbox 283 3501 1594 3584; baseline -0.001 -21"><span class='ocrx_word' id='word_1_286' title='bbox 283 3509 314 3564; x_wconf 84' lang='lat' dir='ltr'>et</span> <span class='ocrx_word' id='word_1_287' title='bbox 349 3503 380 3563; x_wconf 92' lang='lat' dir='ltr'>in</span> <span class='ocrx_word' id='word_1_288' title='bbox 421 3521 529 3564; x_wconf 90' lang='lat' dir='ltr'>eorum</span> <span class='ocrx_word' id='word_1_289' title='bbox 561 3501 791 3562; x_wconf 87' lang='lat' dir='ltr'>contumaciam</span> <span class='ocrx_word' id='word_1_290' title='bbox 823 3501 860 3561; x_wconf 91' lang='lat' dir='ltr'>ad</span> <span class='ocrx_word' id='word_1_291' title='bbox 898 3501 1028 3583; x_wconf 92' lang='lat' dir='ltr'>predicti</span> <span class='ocrx_word' id='word_1_292' title='bbox 1067 3502 1208 3583; x_wconf 83' lang='lat' dir='ltr'>magistri</span> <span class='ocrx_word' id='word_1_293' title='bbox 1248 3501 1355 3584; x_wconf 74' lang='lat' dir='ltr'>Donni</span> <span class='ocrx_word' id='word_1_294' title='bbox 1382 3503 1594 3584; x_wconf 87' lang='lat' dir='ltr'>procuratoris</span> 
     </span>
     <span class='ocr_line' id='line_1_33' title="bbox 283 3598 1592 3682; baseline -0.002 -20"><span class='ocrx_word' id='word_1_295' title='bbox 283 3600 470 3664; x_wconf 88' lang='lat' dir='ltr'>instanciam</span> <span class='ocrx_word' id='word_1_296' title='bbox 503 3599 659 3682; x_wconf 87' lang='lat' dir='ltr'>predictos</span> <span class='ocrx_word' id='word_1_297' title='bbox 692 3598 802 3660; x_wconf 88' lang='lat' dir='ltr'>citatos</span> <span class='ocrx_word' id='word_1_298' title='bbox 839 3599 877 3660; x_wconf 92' lang='lat' dir='ltr'>ad</span> <span class='ocrx_word' id='word_1_299' title='bbox 912 3601 1164 3681; x_wconf 88' lang='lat' dir='ltr'>respondendum</span> <span class='ocrx_word' id='word_1_300' title='bbox 1200 3601 1282 3663; x_wconf 88' lang='lat' dir='ltr'>dicto</span> <span class='ocrx_word' id='word_1_301' title='bbox 1315 3599 1419 3663; x_wconf 92' lang='lat' dir='ltr'>libello</span> <span class='ocrx_word' id='word_1_302' title='bbox 1445 3605 1476 3662; x_wconf 91' lang='lat' dir='ltr'>ot</span> <span class='ocrx_word' id='word_1_303' title='bbox 1505 3598 1592 3661; x_wconf 85' lang='lat' dir='ltr'>litem</span> 
     </span>
     <span class='ocr_line' id='line_1_34' title="bbox 283 3695 1591 3781; baseline -0.002 -20"><span class='ocrx_word' id='word_1_304' title='bbox 283 3717 379 3781; x_wconf 90' lang='lat' dir='ltr'>snper</span> <span class='ocrx_word' id='word_1_305' title='bbox 399 3718 435 3761; x_wconf 89' lang='lat' dir='ltr'>eo</span> <span class='ocrx_word' id='word_1_306' title='bbox 457 3697 699 3760; x_wconf 87' lang='lat' dir='ltr'>contestandum</span> <span class='ocrx_word' id='word_1_307' title='bbox 720 3704 751 3759; x_wconf 88' lang='lat' dir='ltr'>ct</span> <span class='ocrx_word' id='word_1_308' title='bbox 771 3697 939 3758; x_wconf 87' lang='lat' dir='ltr'>contestari</span> <span class='ocrx_word' id='word_1_309' title='bbox 963 3695 1137 3760; x_wconf 88' lang='lat' dir='ltr'>videndum</span> <span class='ocrx_word' id='word_1_310' title='bbox 1159 3703 1189 3760; x_wconf 89' lang='lat' dir='ltr'>et</span> <span class='ocrx_word' id='word_1_311' title='bbox 1210 3699 1389 3781; x_wconf 84' lang='lat' dir='ltr'>calumpnia</span> <span class='ocrx_word' id='word_1_312' title='bbox 1414 3695 1540 3760; x_wconf 84' lang='lat' dir='ltr'>vitanda</span> <span class='ocrx_word' id='word_1_313' title='bbox 1562 3705 1591 3759; x_wconf 88' lang='lat' dir='ltr'>ct</span> 
     </span>
     <span class='ocr_line' id='line_1_35' title="bbox 286 3795 1593 3881; baseline -0.002 -23"><span class='ocrx_word' id='word_1_314' title='bbox 286 3799 446 3860; x_wconf 78' lang='lat' dir='ltr'>raritatem</span> <span class='ocrx_word' id='word_1_315' title='bbox 470 3797 601 3858; x_wconf 89' lang='lat' dir='ltr'>dicende</span> <span class='ocrx_word' id='word_1_316' title='bbox 621 3795 747 3858; x_wconf 88' lang='lat' dir='ltr'>solitum</span> <span class='ocrx_word' id='word_1_317' title='bbox 773 3797 986 3857; x_wconf 88' lang='lat' dir='ltr'>iuramentum</span> <span class='ocrx_word' id='word_1_318' title='bbox 1009 3797 1212 3877; x_wconf 84' lang='lat' dir='ltr'>prestandum</span> <span class='ocrx_word' id='word_1_319' title='bbox 1229 3805 1259 3860; x_wconf 90' lang='lat' dir='ltr'>et</span> <span class='ocrx_word' id='word_1_320' title='bbox 1273 3798 1402 3881; x_wconf 86' lang='lat' dir='ltr'>prestari</span> <span class='ocrx_word' id='word_1_321' title='bbox 1420 3795 1593 3858; x_wconf 81' lang='lat' dir='ltr'>ridendum</span> 
     </span>
     <span class='ocr_line' id='line_1_36' title="bbox 283 3891 1591 3978; baseline -0.002 -22"><span class='ocrx_word' id='word_1_322' title='bbox 283 3898 385 3978; x_wconf 90' lang='lat' dir='ltr'>primo</span> <span class='ocrx_word' id='word_1_323' title='bbox 411 3895 607 3977; x_wconf 87' lang='lat' dir='ltr'>simpliciter,</span> <span class='ocrx_word' id='word_1_324' title='bbox 638 3902 669 3957; x_wconf 89' lang='lat' dir='ltr'>ct</span> <span class='ocrx_word' id='word_1_325' title='bbox 696 3893 810 3957; x_wconf 89' lang='lat' dir='ltr'>deinde</span> <span class='ocrx_word' id='word_1_326' title='bbox 838 3896 898 3958; x_wconf 90' lang='lat' dir='ltr'>snb</span> <span class='ocrx_word' id='word_1_327' title='bbox 930 3897 1268 3961; x_wconf 85' lang='lat' dir='ltr'>excommunicationis</span> <span class='ocrx_word' id='word_1_328' title='bbox 1299 3915 1379 3976; x_wconf 87' lang='lat' dir='ltr'>pena</span> <span class='ocrx_word' id='word_1_329' title='bbox 1412 3902 1441 3956; x_wconf 90' lang='lat' dir='ltr'>et</span> <span class='ocrx_word' id='word_1_330' title='bbox 1465 3891 1591 3956; x_wconf 91' lang='lat' dir='ltr'>tandem</span> 
     </span>
     <span class='ocr_line' id='line_1_37' title="bbox 285 3989 1593 4078; baseline -0.004 -23"><span class='ocrx_word' id='word_1_331' title='bbox 285 3995 381 4055; x_wconf 90' lang='lat' dir='ltr'>tercio</span> <span class='ocrx_word' id='word_1_332' title='bbox 412 3993 449 4054; x_wconf 88' lang='lat' dir='ltr'>ad</span> <span class='ocrx_word' id='word_1_333' title='bbox 481 3992 564 4055; x_wconf 89' lang='lat' dir='ltr'>idem</span> <span class='ocrx_word' id='word_1_334' title='bbox 597 4000 626 4055; x_wconf 91' lang='lat' dir='ltr'>et</span> <span class='ocrx_word' id='word_1_335' title='bbox 656 3991 767 4054; x_wconf 89' lang='lat' dir='ltr'>deinde</span> <span class='ocrx_word' id='word_1_336' title='bbox 795 4001 908 4076; x_wconf 90' lang='lat' dir='ltr'>quarto</span> <span class='ocrx_word' id='word_1_337' title='bbox 935 3995 971 4056; x_wconf 88' lang='lat' dir='ltr'>ad</span> <span class='ocrx_word' id='word_1_338' title='bbox 996 3996 1077 4058; x_wconf 86' lang='lat' dir='ltr'>idem</span> <span class='ocrx_word' id='word_1_339' title='bbox 1101 4008 1131 4058; x_wconf 86' lang='lat' dir='ltr'>ct</span> <span class='ocrx_word' id='word_1_340' title='bbox 1159 3993 1465 4078; x_wconf 82' lang='lat' dir='ltr'>snperlrabnndanti,</span> <span class='ocrx_word' id='word_1_341' title='bbox 1487 3991 1535 4052; x_wconf 87' lang='lat' dir='ltr'>vel</span> <span class='ocrx_word' id='word_1_342' title='bbox 1556 3989 1593 4052; x_wconf 90' lang='lat' dir='ltr'>ad</span> 
     </span>
     <span class='ocr_line' id='line_1_38' title="bbox 285 4090 1593 4176; baseline -0.002 -24"><span class='ocrx_word' id='word_1_343' title='bbox 285 4090 452 4153; x_wconf 85' lang='lat' dir='ltr'>dicendum</span> <span class='ocrx_word' id='word_1_344' title='bbox 488 4101 518 4152; x_wconf 88' lang='lat' dir='ltr'>et</span> <span class='ocrx_word' id='word_1_345' title='bbox 548 4109 676 4152; x_wconf 89' lang='lat' dir='ltr'>cansam</span> <span class='ocrx_word' id='word_1_346' title='bbox 701 4090 917 4154; x_wconf 88' lang='lat' dir='ltr'>rationabilem</span> <span class='ocrx_word' id='word_1_347' title='bbox 949 4093 1162 4174; x_wconf 86' lang='lat' dir='ltr'>allegandum,</span> <span class='ocrx_word' id='word_1_348' title='bbox 1193 4111 1290 4176; x_wconf 71' lang='lat' dir='ltr'>(lirare</span> <span class='ocrx_word' id='word_1_349' title='bbox 1323 4093 1354 4153; x_wconf 91' lang='lat' dir='ltr'>in</span> <span class='ocrx_word' id='word_1_350' title='bbox 1386 4091 1509 4173; x_wconf 86' lang='lat' dir='ltr'>scriptis</span> <span class='ocrx_word' id='word_1_351' title='bbox 1538 4107 1593 4150; x_wconf 87' lang='lat' dir='ltr'>ox·</span> 
     </span>
     <span class='ocr_line' id='line_1_39' title="bbox 284 4186 1592 4273; baseline -0.002 -24"><span class='ocrx_word' id='word_1_352' title='bbox 284 4188 511 4250; x_wconf 87' lang='lat' dir='ltr'>conrnmnicari</span> <span class='ocrx_word' id='word_1_353' title='bbox 538 4208 599 4248; x_wconf 93' lang='lat' dir='ltr'>non</span> <span class='ocrx_word' id='word_1_354' title='bbox 623 4186 786 4265; x_wconf 90' lang='lat' dir='ltr'>deberent,</span> <span class='ocrx_word' id='word_1_355' title='bbox 810 4209 865 4271; x_wconf 91' lang='lat' dir='ltr'>per</span> <span class='ocrx_word' id='word_1_356' title='bbox 891 4190 1083 4254; x_wconf 80' lang='lat' dir='ltr'>ainlientiam</span> <span class='ocrx_word' id='word_1_357' title='bbox 1116 4191 1271 4273; x_wconf 90' lang='lat' dir='ltr'>publicam</span> <span class='ocrx_word' id='word_1_358' title='bbox 1304 4189 1473 4272; x_wconf 91' lang='lat' dir='ltr'>predictam</span> <span class='ocrx_word' id='word_1_359' title='bbox 1504 4187 1592 4249; x_wconf 84' lang='lat' dir='ltr'>citari</span> 
     </span>
     <span class='ocr_line' id='line_1_40' title="bbox 286 4285 1592 4372; baseline 0 -26"><span class='ocrx_word' id='word_1_360' title='bbox 286 4286 507 4348; x_wconf 85' lang='lat' dir='ltr'>niandavimus</span> <span class='ocrx_word' id='word_1_361' title='bbox 538 4292 569 4347; x_wconf 90' lang='lat' dir='ltr'>et</span> <span class='ocrx_word' id='word_1_362' title='bbox 594 4287 728 4348; x_wconf 82' lang='lat' dir='ltr'>fecimus</span> <span class='ocrx_word' id='word_1_363' title='bbox 755 4287 793 4348; x_wconf 89' lang='lat' dir='ltr'>ad</span> <span class='ocrx_word' id='word_1_364' title='bbox 819 4294 920 4349; x_wconf 87' lang='lat' dir='ltr'>certos</span> <span class='ocrx_word' id='word_1_365' title='bbox 936 4291 1097 4352; x_wconf 78' lang='lat' dir='ltr'>-tcrminos</span> <span class='ocrx_word' id='word_1_366' title='bbox 1127 4293 1339 4372; x_wconf 89' lang='lat' dir='ltr'>competentes</span> <span class='ocrx_word' id='word_1_367' title='bbox 1367 4305 1441 4349; x_wconf 89' lang='lat' dir='ltr'>cum</span> <span class='ocrx_word' id='word_1_368' title='bbox 1469 4285 1592 4348; x_wconf 88' lang='lat' dir='ltr'>dierum</span> 
     </span>
     <span class='ocr_line' id='line_1_41' title="bbox 284 4382 1594 4470; baseline -0.001 -25"><span class='ocrx_word' id='word_1_369' title='bbox 284 4382 535 4465; x_wconf 88' lang='lat' dir='ltr'>cornpetentibus</span> <span class='ocrx_word' id='word_1_370' title='bbox 549 4383 733 4463; x_wconf 87' lang='lat' dir='ltr'>intervallis,</span> <span class='ocrx_word' id='word_1_371' title='bbox 755 4386 855 4466; x_wconf 91' lang='lat' dir='ltr'>ipsius</span> <span class='ocrx_word' id='word_1_372' title='bbox 868 4384 963 4448; x_wconf 88' lang='lat' dir='ltr'>libelli</span> <span class='ocrx_word' id='word_1_373' title='bbox 976 4388 1064 4468; x_wconf 89' lang='lat' dir='ltr'>capia</span> <span class='ocrx_word' id='word_1_374' title='bbox 1076 4388 1152 4470; x_wconf 90' lang='lat' dir='ltr'>ipsis</span> <span class='ocrx_word' id='word_1_375' title='bbox 1163 4385 1230 4449; x_wconf 85' lang='lat' dir='ltr'>fieri</span> <span class='ocrx_word' id='word_1_376' title='bbox 1242 4387 1372 4450; x_wconf 85' lang='lat' dir='ltr'>decreta.</span> <span class='ocrx_word' id='word_1_377' title='bbox 1415 4385 1452 4446; x_wconf 93' lang='lat' dir='ltr'>ln</span> <span class='ocrx_word' id='word_1_378' title='bbox 1476 4382 1594 4465; x_wconf 81' lang='lat' dir='ltr'>quibus</span> 
     </span>
     <span class='ocr_line' id='line_1_42' title="bbox 286 4480 1595 4562; baseline 0.004 -20"><span class='ocrx_word' id='word_1_379' title='bbox 286 4481 420 4561; x_wconf 81' lang='lat' dir='ltr'>singulis</span> <span class='ocrx_word' id='word_1_380' title='bbox 449 4483 592 4544; x_wconf 87' lang='lat' dir='ltr'>terminis</span> <span class='ocrx_word' id='word_1_381' title='bbox 626 4481 709 4545; x_wconf 70' lang='lat' dir='ltr'>(licto</span> <span class='ocrx_word' id='word_1_382' title='bbox 743 4501 781 4544; x_wconf 93' lang='lat' dir='ltr'>m.</span> <span class='ocrx_word' id='word_1_383' title='bbox 804 4480 917 4562; x_wconf 85' lang='lat' dir='ltr'>Doyno</span> <span class='ocrx_word' id='word_1_384' title='bbox 940 4521 977 4528; x_wconf 82' lang='lat'>—</span> <span class='ocrx_word' id='word_1_385' title='bbox 1001 4523 1037 4528; x_wconf 90' lang='lat'>—</span> <span class='ocrx_word' id='word_1_386' title='bbox 1059 4523 1098 4530; x_wconf 92' lang='lat'><em>-</em></span> <span class='ocrx_word' id='word_1_387' title='bbox 1121 4488 1170 4529; x_wconf 68' lang='lat' dir='ltr'>-l</span> <span class='ocrx_word' id='word_1_388' title='bbox 1206 4484 1332 4547; x_wconf 87' lang='lat' dir='ltr'>cedulas</span> <span class='ocrx_word' id='word_1_389' title='bbox 1361 4517 1399 4525; x_wconf 89' lang='lat'>-</span> <span class='ocrx_word' id='word_1_390' title='bbox 1422 4519 1458 4526; x_wconf 79' lang='lat'><em>-</em></span> <span class='ocrx_word' id='word_1_391' title='bbox 1482 4519 1519 4526; x_wconf 47' lang='grc' dir='ltr'><em>ν</em></span> <span class='ocrx_word' id='word_1_392' title='bbox 1543 4483 1595 4524; x_wconf 85' lang='lat'>-¹</span> 
     </span>
     <span class='ocr_line' id='line_1_43' title="bbox 286 4579 1594 4664; baseline 0.001 -25"><span class='ocrx_word' id='word_1_393' title='bbox 286 4584 505 4641; x_wconf 89' lang='lat' dir='ltr'>contentorum</span> <span class='ocrx_word' id='word_1_394' title='bbox 546 4599 608 4641; x_wconf 91' lang='lat' dir='ltr'>non</span> <span class='ocrx_word' id='word_1_395' title='bbox 641 4581 891 4664; x_wconf 86' lang='lat' dir='ltr'>comparentium</span> <span class='ocrx_word' id='word_1_396' title='bbox 931 4601 988 4645; x_wconf 90' lang='lat' dir='ltr'>nec</span> <span class='ocrx_word' id='word_1_397' title='bbox 1021 4583 1200 4645; x_wconf 86' lang='lat' dir='ltr'>lminsmodi</span> <span class='ocrx_word' id='word_1_398' title='bbox 1234 4583 1379 4645; x_wconf 90' lang='lat' dir='ltr'>terminis</span> <span class='ocrx_word' id='word_1_399' title='bbox 1416 4579 1594 4643; x_wconf 86' lang='lat' dir='ltr'>satisfacere</span> 
     </span>
    </p>
   </div>
   <div class='ocr_carea' id='block_1_3' title="bbox 0 0 1776 5209">
    <p class='ocr_par' dir='ltr' id='par_1_3' title="bbox 0 0 1776 5209">
     <span class='ocr_line' id='line_1_44' title="bbox 0 0 1776 5209; baseline 0 0"><span class='ocrx_word' id='word_1_400' title='bbox 0 0 1776 5209; x_wconf 95' lang='lat' dir='ltr'> </span> 
     </span>
    </p>
   </div>
  </div>
 </body>
</html>
