3525 5209
298 386 351 442 564
657 378 932 459 Geschichtoquellen
950 385 999 442 der
1017 385 1097 443 Prov.
1112 377 1244 445 Sachsen.

299 571 410 656 rato.
437 571 679 656 November
704 575 767 660 13.
794 573 1016 659 Arnstadt.
1520 575 1601 659 113.

397 707 461 773 Dic
481 709 614 792 Kapitel
638 711 693 774 des
714 709 863 775 Matreu·
891 712 960 775 und
979 710 1186 792 Sevmistiftcs
1212 731 1253 802 qu
1274 711 1393 792 11111111
1421 712 1515 791 geber
1543 711 1601 772 den

401 809 604 886 Gestliclaeu,
642 808 751 873 wdcbe
786 808 903 890 infulge
938 809 994 872 der
1030 809 1189 889 lrruapeu
1226 809 1296 872 und
1339 809 1603 889 Verbcudletnpcu

395 907 547 972 ewiscbcu
568 907 637 971 den
652 907 834 989 Erebiacbof
853 907 990 988 luodwip
1011 907 1197 972 adamatae
1218 908 1287 970 und
1308 907 1364 970 do·
1385 907 1603 988 §dedidissem

397 1026 459 1069 uua
476 1007 532 1070 der
552 1005 645 1069 aaut
662 1005 815 1086 pentum
835 1005 923 1082 811111,
951 1005 1346 1086 Verbuttuupsnusueyetu
1367 1006 1425 1086 pilio·
1445 1006 1506 1068 deu
1528 1004 1603 1068 Fcll

397 1105 451 1167 des
472 1104 624 1168 Frteeeas
643 1104 793 1168 eunden
813 1104 874 1168 deu
894 1103 1078 1168 streitendeu
1105 1102 1251 1166 Periclen
1273 1103 1342 1166 reru!
1362 1104 1418 1166 ‹lee-
1438 1103 1604 1167 Rectum

398 1203 454 1266 der
477 1201 666 1267 Geistliclvea
687 1203 723 1266 iu
741 1201 793 1266 die
816 1201 916 1268 aaut.

449 1337 494 1396 Or.
513 1338 551 1391 im
569 1336 606 1397 D,
618 1337 653 1392 A.
671 1336 734 1396 8,(1.

445 1407 620 1474 1161116111,
646 1408 703 1466 UB.
722 1407 748 1462 d.
760 1407 799 1462 St.
811 1407 959 1474 Amatadt,
979 1407 1030 1462 Nr.
1045 1412 1104 1467 177.

377 1531 444 1596 Nos
461 1530 671 1595 Theodericus
693 1537 723 1595 et
743 1529 921 1610 Bertcldus,
942 1531 1051 1595 decani
1073 1529 1180 1611 ambo,
1202 1537 1329 1615 totaque
1346 1533 1481 1615 capitula
1496 1541 1604 1596 sancte

297 1627 395 1694 llarie
427 1635 458 1693 et
488 1630 589 1693 sancti
615 1628 722 1693 Severi
753 1628 994 1694 Erfurdensium
1026 1630 1229 1694 ecclesiarum
1268 1631 1475 1708 attendentes
1518 1631 1602 1714 quod

299 1734 425 1812 propter
467 1727 682 1792 obedienciam
716 1727 798 1791 sedis
829 1727 998 1812 apostolice
1034 1734 1065 1792 61
1094 1727 1346 1792 observationem
1382 1729 1602 1793 mandatorum

296 1825 439 1890 eiusdem
481 1833 512 1890 et
553 1819 717 1909 presertim
752 1827 916 1889 occasione
952 1825 1152 1908 quarundam
1189 1834 1370 1910 treugarum
1410 1847 1511 1911 nuper
1548 1848 1604 1911 per·

296 1925 534 1989 serenissimum
555 1924 731 2007 principem
751 1942 787 1987 ac
808 1923 989 2004 dominum,
1011 1923 1176 1988 dominum
1196 1922 1366 2003 Kurolum,
1387 1922 1602 1988 Romanorum

295 2024 517 2106 imperatorem
541 2039 664 2106 semper
684 2029 858 2105 augustum
880 2030 912 2085 et
929 2021 1080 2086 Bchemie
1098 2041 1219 2105 regem,
1242 2023 1325 2086 inter
1342 2022 1551 2086 reverendum
1570 2025 1601 2086 iu

299 2119 422 2184 Christo
449 2126 569 2202 patrem
599 2139 636 2183 ac
663 2119 829 2184 dominum
856 2127 1014 2200 nostrum,
1042 2118 1208 2184 dominum
1234 2119 1458 2198 Ludeuicum,
1484 2119 1602 2183 archic-

296 2220 461 2302 piscopum
483 2215 726 2300 Magantinum,
747 2218 892 2281 dominos
913 2217 1122 2298 Fridericum‚
1143 2217 1309 2283 Baltlrasar
1335 2227 1365 2282 et
1386 2218 1604 2299 Wilhelmum,

298 2317 496 2380 marchiones
538 2314 768 2396 Missenenses,
801 2317 913 2380 1161166
953 2317 1070 2400 ipsius,
1098 2329 1145 2380 “ex
1175 2335 1253 2392 una,
1283 2335 1407 2380 necnon
1451 2317 1602 2400 opidanos

295 2413 502 2478 Erlordeuses
523 2421 684 2477 eteorum
704 2414 864 2478 adiutores
885 2422 972 2497 parte
992 2433 1031 2478 ex
1061 2414 1173 2494 altera,
1205 2414 1298 2478 nobis
1327 2416 1443 2478 nesciis
1469 2421 1499 2479 et
1527 2417 1602 2478 irre

296 2513 422 2595 quisitis
441 2512 617 2591 factarum¹,
641 2512 832 2597 quequidem
854 2518 964 2596 treuge
985 2513 1100 2577 durare
1120 2511 1280 2577 debebunt
1302 2513 1463 2595 usquead
1485 2513 1600 2576 festum

296 2609 379 2674 beati
399 2608 551 2673 Iohannis
571 2608 706 2692 baptiste
717 2611 860 2694 proxime
874 2617 1060 2691 venturum,
1078 2630 1141 2694 quo
1152 2611 1251 2674 eciam
1264 2617 1403 2694 tempore
1417 2616 1600 2692 treugarum

297 2708 466 2772 earundem
490 2706 582 2771 nobis
601 2707 640 2771 ad
662 2709 761 2771 dictas
782 2708 929 2772 ecclesias
950 2728 986 2772 ac
1007 2707 1159 2773 beneficia
1178 2715 1299 2788 cosma,
1326 2727 1388 2792 que
1409 2709 1486 2772 inibi
1509 2708 1601 2772 habe-

294 2825 382 2884 mus,
411 2805 513 2869 redire
539 2807 623 2869 etin
646 2807 691 2870 eis
712 2805 848 2870 residere
869 2808 954 2870 acin
977 2807 1054 2890 ipsis
1076 2806 1233 2872 deservire
1255 2806 1454 2870 obstantibus
1481 2808 1603 2889 mangis

296 2902 498 2987 supradictis,
530 2902 647 2986 quibus
683 2904 760 2966 illud
783 2923 931 2988 expresse
952 2913 1094 2984 cavetur,
1125 2923 1188 2968 uon
1220 2904 1335 2970 licebit.
1378 2903 1419 2968 Et
1452 2906 1527 2988 qnia
1549 2924 1604 2988 per

294 3006 420 3085 tempus
441 3002 596 3085 prefatum
618 3022 637 3064 a
658 3001 750 3065 dictis
771 3005 887 3066 nostris
908 3004 1047 3068 ecclesiis
1069 3010 1100 3067 et
1130 3002 1310 3084 beneficiis,
1339 3011 1374 3068 ut
1400 3004 1602 3088 premittitur,

294 3099 515 3183 compellimur
534 3098 644 3163 abesse
664 3101 772 3180 iuviti,
792 3101 909 3165 idcirco
930 3100 1101 3184 prehabitis
1121 3103 1204 3174 inter
1225 3123 1283 3168 nos
1304 3103 1451 3188 pluribus
1463 3103 1603 3166 11661811-

295 3197 357 3262 bus
378 3195 606 3283 capitularibus
626 3204 657 3261 et
676 3197 960 3264 deliberacionibus
987 3201 1120 3263 maturis
1148 3201 1233 3283 pacis
1263 3207 1294 3265 61
1321 3201 1393 3265 boni
1420 3201 1602 3264 communis

294 3315 406 3373 causa,
426 3300 457 3358 61
478 3299 514 3358 ut
533 3296 616 3359 iuter
646 3315 705 3359 nos
731 3295 885 3362 discordie
907 3299 1063 3374 vitentur,
1090 3298 1308 3363 ordinavimus
1334 3299 1545 3364 communiter
1572 3305 1602 3361 et

293 3393 495 3477 presentibus
516 3393 713 3475 ordinamus,
735 3395 819 3477 quod
841 3414 897 3479 per
914 3402 1013 3461 totum
1032 3405 1157 3480 tempus
1166 3409 1348 3480 treugarum
1359 3415 1599 3481 preexpressum

293 3498 325 3556 et
345 3493 444 3555 eciam
465 3497 548 3575 post,
569 3491 722 3574 quamdiu
743 3495 955 3558 controversie
976 3495 1060 3558 inter
1079 3503 1183 3578 partes
1198 3497 1426 3580 suprascriptas
1435 3501 1601 3559 remanent

294 3591 513 3674 incomposite,
544 3589 678 3673 quilibet
705 3610 746 3654 ex
773 3591 877 3672 nobis,
899 3595 955 3676 qui
986 3594 1144 3658 voluerint
1173 3599 1250 3657 tunc
1285 3592 1430 3658 absentes
1461 3611 1530 3658 esse
1561 3591 1599 3655 ab

294 3686 453 3768 Effordia,
486 3694 649 3772 poterunt,
687 3694 718 3752 et
748 3688 811 3753 illis
851 3710 961 3756 omnes
991 3698 1177 3775 proventus,
1213 3691 1347 3771 fructus,
1388 3690 1530 3754 redditus
1569 3697 1599 3752 ct

296 3787 465 3870 stipendia,
485 3792 548 3850 tam
569 3788 604 3849 in
625 3785 807 3870 prebendis,
825 3809 919 3872 quam
942 3791 975 3852 in
997 3791 1168 3872 presenciis
1194 3795 1225 3853 et
1253 3787 1322 3852 aliis
1352 3787 1597 3873 quibuscunque

293 3884 543 3949 obvencienibus
563 3904 638 3948 cum
660 3903 697 3948 ea
713 3887 893 3968 integritate
915 3889 948 3950 in
970 3907 1080 3951 eorum
1092 3887 1238 3951 absencia
1249 3888 1420 3951 ministrari
1432 3885 1599 3966 debebunt,

294 4003 359 4066 qua
386 3983 547 4046 canonicis
573 3982 775 4065 presentibus
803 3990 834 4046 et
865 3987 1016 4049 continue
1043 3984 1294 4050 deservientibus
1322 3987 1413 4049 iuxta
1434 3986 1599 4067 utriusque

293 4079 424 4144 ecclesie
444 4081 690 4144 consuetudines
701 4082 853 4146 hacteuus
864 4084 899 4145 in
910 4083 956 4147 eis
975 4083 1064 4147 obser
1071 4089 1156 4147 vates
1174 4085 1346 4148 ministrari
1356 4087 1600 4147 mercaverunt.

293 4181 535 4263 Verumtamen,
564 4184 589 4246 si
620 4183 810 4248 durantibus
836 4186 956 4268 treugis
983 4186 1130 4270 predictis
1163 4186 1212 4249 vel
1244 4190 1314 4270 post
1343 4181 1599 4265 quandocunque

293 4281 376 4344 inter
397 4289 501 4364 partes
521 4299 742 4366 preexpressas
769 4281 873 4347 finalis
900 4283 950 4348 vel
971 4283 1063 4366 plena
1089 4285 1318 4348 intervenerint
1346 4281 1528 4364 compositio
1551 4278 1597 4341 vel

293 4378 461 4441 concordia
481 4378 595 4459 taliter,
629 4380 714 4463 quod
743 4399 801 4444 nos
832 4401 943 4446 omnes
973 4387 1005 4446 et
1035 4381 1152 4466 singuli
1182 4381 1220 4446 ad
1251 4380 1380 4467 cpidum
1411 4377 1599 4441 Erfurdense

295 4476 380 4539 licite
400 4475 502 4540 redire
521 4483 551 4539 et
579 4478 611 4539 in
632 4476 723 4541 dictis
750 4480 867 4543 uostris
897 4480 1037 4544 ecclesiis
1065 4485 1096 4543 et
1116 4479 1279 4544 beneficiis
1301 4495 1426 4552 secure,
1455 4475 1599 4538 decenter

294 4581 324 4637 et
355 4575 514 4637 consuetis
542 4575 660 4638 bonore
690 4595 726 4638 ac
757 4574 901 4641 libertate
932 4579 1067 4642 residere
1104 4584 1134 4640 et
1163 4579 1208 4640 eis
1241 4577 1398 4640 deservire
1425 4591 1598 4657 possemus,
