3525 5209
284 403 335 460 586
647 402 922 475 Geechichtsquellen
940 403 989 459 der
1007 404 1086 462 Prov.
1098 404 1227 459 Sachsen.

284 589 394 672 rata.
423 589 540 671 lliiru
568 590 632 672 ro.
660 589 910 690 Wiirnburg.
1497 593 1588 674 toa.

386 727 548 804 (ierlrurd,
580 727 718 809 Biscbof
737 749 796 790 von
824 729 1009 810 tharana-p,
1039 728 1156 809 hcticbll
1182 729 1227 792 hei
1249 730 1358 809 b'lrol'c
1381 730 1435 792 des
1455 729 1589 792 Baiuras

382 825 433 888 dic
454 845 577 906 paruere
595 825 776 907 Befolpuup
803 827 859 889 der
885 847 943 890 vora
969 828 1037 890 clera
1064 828 1201 906 liepolcu
1231 827 1364 892 'thornua
1387 829 1453 909 uus
1471 829 1589 894 Grai-rad

384 923 438 986 des
455 923 649 1004 pdpstlichcn
670 923 800 1005 Befehls
819 925 1008 1004 petroffcaen
1030 926 1278 1007 Auoriluuupcu.

437 1045 482 1095 Or.
500 1041 549 1095 urit
566 1041 592 1094 d.
604 1041 631 1094 S.
651 1043 687 1094 im
706 1041 768 1111 Kpl.
781 1045 819 1100 st.
832 1044 864 1096 A.
883 1060 918 1095 ru
936 1043 975 1096 M.

364 1147 552 1224 Gerhardus,
564 1145 621 1210 Ilei
636 1149 742 1227 gracia
753 1149 1164 1232 episcopusHerbipoleusis
1177 1171 1213 1214 ac
1225 1154 1408 1217 auctoritato
1421 1155 1589 1236 apostolica

284 1247 420 1310 vicarius
442 1247 473 1307 in
496 1244 588 1326 opido
609 1244 791 1309 lht'ordcusi
812 1249 933 1310 eteius
954 1247 1114 1326 districtu,
1139 1248 1323 1331 Magantiuc
1349 1250 1498 1331 diocesis,
1524 1261 1588 1316 tam

284 1346 316 1407 in
339 1343 556 1427 spiritualibus
577 1364 673 1427 qnam
692 1344 924 1428 temporalibus,
945 1365 1067 1410 necnon
1086 1348 1124 1410 ad
1141 1348 1337 1432 infrascripta
1353 1352 1591 1415 commissarius

282 1443 390 1505 eadem
417 1445 600 1506 arroteritato
622 1443 796 1526 specialiter
816 1444 999 1526 deputatus,
1028 1447 1200 1509 reverendo
1227 1448 1260 1509 in
1289 1446 1413 1512 Cluisto
1445 1452 1524 1532 patri
1553 1469 1589 1512 ac

284 1540 426 1617 domino,
462 1541 590 1603 domino
620 1539 781 1603 Ludovico
819 1543 1051 1626 archiepiscopo
1088 1551 1119 1608 et
1155 1546 1290 1628 capitulo
1328 1545 1515 1629 lllaguntino
1553 1569 1589 1610 ac

286 1639 441 1702 universis
480 1646 511 1701 ct
544 1640 678 1721 singulis
723 1641 903 1704 reverendis
941 1642 1098 1724 patribus,
1136 1644 1390 1728 archiepiscopis,
1427 1648 1590 1729 episcopis,

286 1735 461 1814 abbatibus,
494 1736 665 1818 prioribus,
695 1740 860 1822 prepositis
893 1759 928 1802 ac
955 1739 1132 1805 illustribus
1160 1744 1365 1826 principibus,
1397 1745 1590 1826 lantgraviis

285 1832 536 1913 marchionibus,
583 1834 733 1908 ducibus,
771 1837 957 1916 comitibus,
995 1840 1184 1920 burgraviis,
1241 1842 1414 1906 baronibus
1465 1864 1587 1908 necnon

283 1931 424 2011 decanis,
465 1932 648 2011 scolasticis,
689 1935 883 2015 cantoribus,
924 1939 1085 2001 canonicis
1123 1944 1185 2001 tam
1223 1939 1453 2004 kathedralium
1491 1962 1588 2024 quum

283 2030 518 2113 collegiatarum
538 2038 569 2093 ct
592 2033 822 2114 parrochulinm
844 2035 1047 2099 ecclesiarum
1070 2039 1258 2116 rectoribus,
1283 2038 1425 2120 plebanis
1451 2047 1483 2102 et
1504 2042 1590 2104 vices

283 2148 392 2192 eorum
422 2129 623 2210 gerentibus,
656 2131 848 2213 presbiteris,
879 2134 1002 2197 clericis
1034 2140 1063 2198 et
1095 2137 1225 2199 notariis
1247 2135 1395 2218 publicis,
1428 2137 1592 2218 militibus,

286 2226 559 2306 universitatibus,
584 2229 779 2308 civitatibus,
812 2233 928 2314 opidis,
954 2235 1078 2313 castris,
1103 2233 1186 2297 villis
1220 2253 1395 2319 eorumque
1423 2237 1591 2318 magistris,

282 2324 457 2389 rectoribus
488 2331 519 2388 et
549 2326 694 2392 officiatis
728 2349 764 2392 ac
792 2333 948 2394 universis
976 2339 1006 2395 et
1033 2333 1167 2415 singulis
1189 2331 1303 2396 Christi
1325 2333 1485 2409 fidelibus,
1518 2335 1590 2398 reli-

282 2424 396 2506 giosis,
424 2424 546 2486 clericis
578 2444 615 2488 ac
648 2427 735 2491 laicis
768 2428 900 2492 ubilibet
921 2432 1099 2494 constitutis
1128 2431 1262 2494 salutem
1295 2433 1328 2493 in
1349 2430 1495 2497 Domino.
1538 2434 1590 2496 Ad

286 2525 511 2586 universorum
533 2530 564 2586 et
575 2525 772 2608 singulorum
785 2534 961 2591 vestrorum
974 2529 1172 2612 aliorumque
1189 2532 1332 2592 omnium
1347 2537 1378 2593 et
1389 2531 1590 2613 singulorum

284 2638 419 2701 quornm
451 2622 581 2684 interest
609 2625 658 2689 vel
687 2628 828 2690 intererit
858 2632 888 2690 et
922 2647 1002 2708 quos
1032 2629 1263 2711 infrascriptum
1295 2631 1396 2712 tangit
1422 2632 1591 2711 negocium

284 2749 341 2793 scu
363 2737 491 2814 tangere
511 2729 624 2811 poterit
645 2725 879 2809 quomodolibet
907 2727 937 2787 in
965 2727 1126 2803 futurum,
1152 2728 1297 2789 noticiam
1326 2727 1512 2791 deducimus
1536 2748 1592 2810 per

283 2835 456 2910 presentes,
489 2847 548 2890 nos
575 2845 677 2909 nuper
708 2823 899 2887 sanctissimi
926 2825 957 2884 in
982 2821 1105 2885 Christo
1127 2825 1224 2907 patris
1245 2845 1280 2887 ac
1305 2826 1438 2902 dourini,
1470 2827 1591 2888 dommi

285 2926 427 3008 Gregorii
450 2947 527 3008 pape
544 2924 703 2987 undecimi
724 2922 850 2999 litteras,
872 2921 943 2983 eius
965 2940 1038 2984 vera
1059 2919 1146 2985 bulla
1168 2922 1316 3003 plumbea
1337 2925 1370 2986 in
1392 2923 1444 2986 filo
1462 2924 1592 3007 canapis

284 3043 371 3086 more
386 3022 528 3086 Ronlanc
544 3026 631 3085 curie
648 3020 794 3097 bullatas,
812 3037 877 3081 non
900 3018 1045 3097 abolitas,
1067 3040 1129 3082 non
1151 3039 1238 3083 rasas
1260 3040 1317 3083 nec
1343 3026 1514 3104 corruptas,
1536 3022 1589 3086 sed

284 3141 388 3200 sanas,
409 3123 546 3201 integras
557 3125 589 3183 et
598 3119 702 3182 illesas
711 3138 748 3182 ac
758 3137 888 3200 prorsus
903 3119 989 3180 omni
1005 3119 1085 3180 vicio
1096 3124 1127 3180 et
1137 3119 1315 3201 suspicione
1326 3127 1476 3198 carentes,
1499 3118 1591 3182 uobis

284 3239 340 3301 pro
358 3225 445 3301 parte
458 3219 559 3302 ipsius
585 3217 705 3281 domiui
728 3237 805 3300 papo
825 3221 1034 3300 presentatus,
1050 3236 1123 3278 cum
1145 3236 1180 3279 ea
1205 3236 1267 3299 qua
1285 3217 1390 3280 decuit
1413 3217 1592 3280 reverencia

286 3319 452 3400 recepisse,
484 3337 619 3400 quarum
642 3323 732 3380 tenor
753 3315 791 3377 de
815 3313 910 3376 verbo
935 3313 972 3376 ad
996 3314 1126 3377 verbum
1147 3316 1292 3397 sequitur
1312 3321 1342 3377 et
1363 3321 1410 3378 cst
1431 3315 1510 3377 talis.

366 3417 536 3497 Gregorius
582 3416 766 3498 episcopus,
814 3431 962 3475 servorus
1003 3432 1166 3475 servorum
1198 3410 1270 3490 Dci,
1301 3413 1471 3475 venerabili
1505 3413 1592 3475 fratri

285 3514 454 3592 llerlmrdo,
475 3515 620 3596 episcopo
644 3511 874 3593 Herbipoleusi,
896 3510 1030 3573 salutem
1052 3519 1082 3573 et
1108 3511 1309 3594 apostolicam
1333 3510 1592 3574 benedictionem.

285 3609 415 3674 Dudum
438 3630 478 3675 cx
500 3611 594 3674 certis
614 3618 646 3673 et
666 3607 906 3672 rationabilibus
928 3609 1033 3672 causis
1044 3609 1173 3692 opidum
1191 3607 1388 3687 Erfordenso,
1407 3607 1592 3690 llaguutino

285 3709 432 3788 diocesis,
466 3709 550 3791 quod
583 3708 622 3771 ad
645 3727 785 3771 mensam
819 3706 1115 3790 archiepiscopalem
1148 3705 1365 3789 Magantinam
1399 3706 1490 3788 pleno
1524 3707 1594 3770 iure

287 3808 437 3891 pertinet,
459 3829 495 3869 ac
516 3807 624 3869 omnia
644 3807 714 3868 ium
736 3811 766 3868 ct
788 3805 1021 3868 iurisdictiones
1041 3807 1072 3866 iu
1097 3806 1163 3886 ipso
1186 3803 1278 3886 opido
1300 3811 1331 3867 et
1356 3806 1425 3867 cius
1447 3804 1592 3867 districtu

287 3906 519 3988 archiepiscopo
542 3903 691 3985 Magum,
718 3923 774 3987 pro
795 3909 934 3986 tempore
957 3903 1113 3980 existenti,
1142 3901 1246 3966 debita
1274 3902 1311 3964 ad
1334 3921 1448 3966 manus
1470 3911 1593 3964 nostras

285 4011 316 4066 et
337 4004 505 4086 apostolice
527 4000 612 4066 sedis
632 4022 672 4064 ox
691 4008 775 4064 certa
796 4001 927 4064 scientia
947 4000 1028 4064 etde
1043 4000 1593 4084 apostolicepotestatisplenitudiuc

288 4121 342 4184 per
363 4107 486 4164 nostras
511 4101 629 4163 litteras
659 4101 835 4182 recepimus
861 4106 892 4161 ct
913 4101 1079 4182 posuimus
1100 4119 1137 4161 uo
1158 4100 1285 4181 opidum
1308 4104 1339 4161 et
1358 4101 1430 4162 iura
1449 4102 1480 4161 ct
1500 4099 1594 4161 iuris-

286 4200 438 4263 dictiones
461 4198 643 4261 huiusmodi
668 4197 706 4260 ad
726 4217 841 4260 manus
862 4202 987 4262 nostras
1008 4203 1038 4260 et
1059 4197 1140 4261 dicte
1161 4197 1244 4260 sodis
1266 4216 1369 4279 usque
1390 4196 1430 4260 ad
1451 4195 1591 4259 eiusdem

285 4295 369 4360 sedis
402 4297 632 4379 beneplacitam
665 4296 862 4359 decrevimus
889 4295 1065 4373 retinenda,
1102 4299 1133 4357 et
1163 4294 1275 4358 deinde
1310 4313 1364 4377 pro
1400 4301 1486 4377 parte
1523 4313 1594 4376 pro-

286 4394 470 4473 consulum,
499 4394 668 4456 consulum
698 4399 729 4455 ct
756 4392 964 4474 opidanorum
993 4393 1067 4456 dicti
1093 4393 1177 4476 opidi
1206 4393 1297 4455 nobis
1319 4394 1476 4475 exposito,
1508 4392 1593 4474 quod

285 4493 360 4555 olim
382 4530 421 4538 -
439 4525 476 4535 --
495 4529 534 4535 —
547 4493 599 4539 —1
620 4490 777 4553 adsedem
794 4489 995 4574 apostolicam
1009 4491 1207 4574 appellatum,
1225 4491 1349 4554 tandem
1368 4511 1425 4553 nos
1437 4490 1593 4553 dictorum

286 4589 527 4675 proconsulum,
548 4589 718 4652 consulum
740 4595 770 4652 ot
783 4587 991 4672 opidanorum
1003 4587 1287 4673 supplicationibus
1306 4589 1459 4667 inclinati,
1478 4586 1593 4652 dilecto
