3525 5209
508 401 739 457 Urkuudenbuch
757 400 806 457 der
824 401 908 458 Stadt
925 402 1031 461 Erfurt.
1069 401 1108 456 11.
1117 399 1204 457 Theil.
1462 401 1514 457 583

205 554 357 631 tacerent,
397 560 428 616 et
459 553 641 617 huiusmodi
680 555 763 618 vinis
799 555 839 618 ad
872 557 978 639 ipsum
1010 555 1139 638 opidum
1172 554 1330 630 adductis,
1371 554 1510 639 prefatus

208 653 393 718 (lantherus
420 651 460 716 de
481 651 718 734 Rudesleyben,
745 653 822 738 ipsis
856 655 890 717 in
921 653 1090 718 rebellione
1120 660 1151 716 et
1180 655 1343 738 premissis
1373 653 1513 717 articulis

209 756 363 816 cantitans
390 757 422 816 et
441 751 595 816 adherens
616 770 667 831 ac,
694 757 729 814 ut
754 754 944 837 premissum
971 759 1030 831 est,
1057 751 1265 835 prophanans,
1288 771 1330 816 ex
1358 753 1513 816 instinctu

209 859 241 916 et
261 850 463 914 ordinacione
473 850 680 915 acvoluntate
690 853 833 934 ipsorum
843 852 1067 936 opidanorum,
1089 869 1152 935 qua
1167 851 1350 914 auctoritate
1364 851 1514 931 nescitur,

208 950 372 1015 arrostavit
393 955 424 1013 et
444 949 505 1013 sibi
527 951 699 1032 usurpavit.
741 949 782 1014 llt
803 952 856 1029 sic,
876 957 964 1034 pater
985 955 1101 1029 sancte,
1119 952 1228 1037 prefati
1252 952 1379 1036 opidani
1399 954 1514 1036 quovis

209 1049 334 1132 palliato
355 1049 459 1112 colore
480 1048 620 1132 quesite,
641 1067 792 1130 personas
818 1047 973 1112 dictarum
1001 1049 1205 1114 ecclesiarum
1232 1048 1359 1116 cottidie
1380 1049 1513 1134 spoliare

210 1168 272 1210 oon
311 1154 477 1227 verentur,
510 1148 660 1230 ipsosque
699 1146 888 1229 presbiteros
925 1153 955 1211 et
994 1149 1123 1212 clericos
1163 1147 1287 1232 publice
1322 1149 1512 1232 prophanari

209 1253 239 1309 ot
261 1248 308 1309 eis
330 1246 550 1329 participantes
577 1244 701 1328 spoliari
730 1244 850 1309 faciunt
875 1251 908 1308 et
937 1245 1027 1310 tactis
1048 1248 1263 1326 consentiunt,
1288 1265 1347 1312 nec
1376 1246 1513 1330 spolium

210 1343 406 1423 huiusmodi,
427 1364 501 1408 cum
525 1345 659 1430 possint,
679 1346 858 1430 prohibent,
879 1365 990 1434 ymmo
1012 1345 1171 1429 quendam
1192 1345 1356 1428 palliatum
1377 1344 1514 1410 colorem

208 1442 268 1505 sibi
296 1449 477 1520 assumunt,
504 1449 695 1525 asserentes,
724 1444 809 1528 quod
839 1444 966 1528 singula
998 1445 1054 1508 hec
1082 1443 1120 1507 de
1151 1445 1267 1506 iudicio
1303 1443 1513 1508 eeclesiastico

209 1541 329 1604 domini
350 1539 466 1621 Adolfi,
486 1544 623 1626 episcopi
632 1543 799 1628 Spirensis,
819 1544 990 1608 detentoris
1012 1541 1149 1627 predicti,
1170 1561 1280 1606 eorum
1301 1543 1335 1605 in
1355 1541 1413 1606 bae
1428 1545 1514 1623 parte

210 1640 341 1722 patroni,
361 1639 539 1722 procedant,
559 1646 590 1704 et
611 1643 664 1719 sic,
684 1662 759 1707 cnm
780 1663 814 1708 se
835 1662 988 1707 excusare
1002 1641 1196 1722 protendant,
1211 1641 1317 1704 verius
1332 1641 1365 1703 in
1379 1639 1513 1723 singulis

210 1743 366 1802 accusent.
410 1736 450 1801 ht
476 1738 533 1802 hec
559 1743 666 1804 omnia
696 1749 727 1805 et
747 1743 874 1825 singula
895 1743 1038 1806 fecerunt
1069 1745 1100 1804 et
1129 1739 1211 1803 facta
1240 1744 1317 1802 sunt
1346 1739 1380 1802 in
1413 1737 1513 1800 divini

209 1835 316 1899 cultus
336 1835 597 1916 diminucionem,
631 1846 734 1904 vestre
759 1841 934 1904 sanctitatis
960 1845 989 1902 et
1017 1837 1261 1923 apostolicorum
1292 1833 1512 1900 mandatorum

212 1933 418 2016 vilipendium
448 1935 658 2001 ecclesiastice
686 1938 839 2003 libertatis
866 1945 897 2003 et
918 1939 1055 2002 clavium
1084 1936 1214 2001 ecclesie
1235 1935 1461 1998 detrimentum
1484 1938 1516 1998 et

211 2033 243 2095 in
272 2033 402 2096 evidens
433 2044 464 2096 et
489 2035 701 2117 perniciosum
724 2038 905 2120 exemplum
933 2037 1153 2100 malivolorum
1188 2039 1219 2096 et
1242 2032 1420 2096 maximum
1446 2050 1515 2115 pre·

210 2131 380 2209 iudicium,
408 2131 582 2214 dampnum
614 2139 646 2196 et
674 2152 845 2216 gravamen
875 2135 1081 2214 decanorum,
1115 2133 1340 2196 canonicorum
1372 2135 1402 2193 et
1431 2131 1515 2213 capi-

210 2228 350 2292 tulorum
372 2228 577 2294 ecclesiarum
598 2232 817 2314 predictarum.
858 2232 908 2297 Ne
928 2234 1041 2316 igitur,
1071 2237 1159 2316 pater
1177 2229 1374 2307 beatissime,
1403 2226 1515 2292 huius-

211 2327 295 2389 modi
316 2347 436 2410 graves,
458 2346 604 2394 enormes
634 2349 671 2393 ac
692 2332 807 2394 notorii
818 2351 968 2396 excessus
980 2334 1128 2394 maneant
1139 2327 1279 2410 inpuniti
1290 2331 1320 2390 et
1330 2325 1514 2389 huiusmodi

211 2426 378 2490 manifesta
398 2425 527 2490 rebellio
549 2427 619 2491 aliis
641 2429 818 2511 iniquitatis
839 2428 926 2508 filiis,
950 2430 1005 2512 qui
1026 2427 1180 2503 letantur,
1201 2445 1275 2489 curn
1303 2423 1517 2488 malefecerint

211 2530 242 2587 ot
261 2524 407 2588 exultant
434 2526 467 2588 in
488 2524 585 2590 rebus
606 2528 767 2609 pessimis,
795 2528 830 2591 in
862 2528 1076 2610 perniciosum
1108 2529 1247 2588 transeat
1273 2521 1455 2606 exemplum
1486 2526 1517 2586 et

211 2623 340 2703 scisma,
367 2625 453 2706 quod
480 2625 514 2686 in
536 2624 679 2708 partibus
698 2625 762 2688 illis
783 2626 1010 2709 premissorum
1032 2624 1194 2687 occasione
1215 2619 1371 2704 pullulare
1389 2619 1517 2702 incepit,

210 2739 340 2800 germen
363 2721 591 2787 maledictionis
618 2723 782 2807 producat,
809 2725 989 2807 supplicant
1010 2724 1205 2787 sanctitatem
1233 2723 1370 2782 vestram
1398 2715 1517 2796 decani,

211 2821 355 2885 canrrnici
379 2825 410 2884 et
430 2821 555 2904 singule
576 2841 709 2904 persone
730 2822 911 2887 obedientes
933 2828 964 2886 et
984 2820 1123 2905 capitula
1133 2819 1287 2882 dictarum
1304 2815 1517 2895 ecclesiarum,

211 2924 385 3003 quatenns,
422 2920 512 3002 ipsis,
552 2938 593 2982 ne
623 2921 669 2982 sio
708 2924 857 3003 perpetuo
894 2918 1017 2982 exulari
1057 2923 1088 2982 et
1126 2915 1207 2980 dicte
1242 2933 1353 2978 eorum
1386 2912 1517 2977 ecclesie

211 3017 462 3081 ministrantium
485 3017 600 3080 solacio
622 3018 749 3080 viduato
770 3023 969 3096 remaneant,
992 3022 1122 3101 patemo
1153 3014 1317 3078 assistente
1349 3009 1517 3075 efficaciter

210 3115 402 3179 defensionis
432 3113 586 3198 presidio,
616 3135 726 3178 omnes
757 3121 788 3178 et
815 3115 958 3198 singulas
982 3134 1111 3178 oausam
1139 3117 1170 3176 et
1201 3129 1327 3188 causas,
1358 3128 1455 3192 quam
1486 3113 1517 3173 et

210 3233 291 3297 quas
319 3213 381 3296 ipsi
407 3229 519 3276 omnes
546 3218 578 3276 et
597 3213 715 3296 singuli
736 3214 932 3278 coniunctim
953 3219 984 3277 et
1004 3213 1144 3290 divisim,
1177 3210 1277 3273 eciam
1310 3207 1516 3272 criminaliter

209 3317 241 3374 et
261 3311 407 3387 civiliter,
436 3311 475 3374 de
504 3316 535 3374 et
566 3329 661 3394 super
692 3310 841 3376 omnibus
871 3319 902 3376 et
936 3311 1072 3393 singulis
1101 3308 1263 3393 premissis
1293 3325 1331 3368 ao
1362 3306 1516 3388 dampnis

210 3410 361 3472 interesse
389 3426 426 3470 ac
453 3409 601 3490 expensis
626 3408 716 3472 factis
737 3415 768 3473 et
788 3411 898 3493 passis,
919 3410 1114 3473 committere
1140 3404 1313 3488 dignemini
1344 3402 1516 3467 reverendo

210 3509 242 3570 in
267 3506 390 3569 Christo
411 3507 490 3588 patri
513 3526 549 3568 ac
572 3507 716 3585 domino,
741 3507 869 3570 domino
898 3506 1006 3586 Petro,
1035 3509 1179 3591 episcopo
1203 3502 1387 3580 Portuensi,
1409 3508 1516 3566 sancte

210 3604 352 3668 Romane
377 3604 507 3667 ecclesie
534 3604 703 3682 cardinali,
731 3607 784 3668 cui
810 3607 908 3669 eciam
941 3625 1042 3690 nuper
1067 3607 1218 3670 sanctitas
1244 3610 1350 3668 vestra
1378 3623 1516 3683 oausam,

210 3708 384 3766 vertentem
405 3703 488 3765 inter
506 3703 806 3767 reverendissimum
826 3711 947 3787 patrem
969 3704 1134 3768 dominum
1155 3701 1377 3780 ludowicum,
1397 3701 1516 3766 archie-

211 3801 375 3884 piscopum
393 3798 633 3882 Magantinnm,
653 3808 684 3864 et
704 3801 803 3865 dictos
825 3801 976 3883 opidanos
1001 3802 1039 3866 de
1064 3808 1096 3866 et
1124 3820 1220 3884 super
1240 3798 1410 3864 rebellione
1430 3803 1461 3863 et
1482 3799 1515 3862 in

210 3896 389 3962 obedientia
419 3898 592 3961 eorundem
624 3899 831 3982 opidanorum
864 3901 1022 3964 commisit
1053 3906 1083 3964 et
1114 3919 1133 3962 a
1165 3918 1228 3981 qua
1256 3917 1353 3962 causa
1386 3912 1516 3979 presens

210 3996 378 4081 dependet,
403 3997 599 4061 committere
621 3998 795 4080 dignemini
815 3997 1026 4076 audiendum,
1047 3998 1255 4062 decidendum
1275 4002 1307 4061 et
1326 3995 1390 4060 fine
1412 3995 1515 4060 debito

210 4095 446 4159 terminandum
468 4114 541 4157 oum
563 4095 714 4159 omnibus
741 4094 990 4178 emergentibus,
1011 4094 1280 4180 dependentibuS,
1301 4093 1515 4159 incidentibus

210 4199 242 4256 et
285 4193 440 4256 connexis
483 4197 514 4256 ct
557 4213 630 4256 cnm
672 4201 823 4276 potestate
865 4194 983 4259 citandi
1026 4195 1154 4277 triginta
1198 4193 1236 4257 de
1273 4191 1515 4276 proconsulibus

211 4302 241 4355 et
289 4290 487 4369 consulibus,
539 4292 595 4373 qui
648 4311 782 4357 numero
834 4297 963 4356 centurn
1017 4297 1048 4355 et
1101 4291 1310 4375 quadraginta
1363 4290 1514 4370 existunt,

210 4389 415 4472 personaliter
440 4395 471 4452 et
496 4390 530 4450 in
555 4409 666 4452 eorum
691 4391 824 4473 propriis
851 4390 995 4473 personis
1023 4397 1053 4453 et
1079 4408 1189 4453 omnes
1219 4395 1250 4452 et
1277 4388 1421 4472 singulos
1447 4409 1516 4472 pre·

212 4490 392 4550 nominatos
423 4486 561 4569 legitime
582 4495 613 4551 et
639 4507 695 4570 per
722 4487 859 4552 edictum
891 4489 923 4549 in
945 4485 1088 4550 Romana
1117 4489 1205 4551 curia
1234 4495 1265 4551 et
1297 4488 1409 4550 vicinis
1438 4488 1515 4551 locis

210 4585 421 4671 affigendum,
452 4587 479 4650 si
511 4586 549 4648 de
576 4587 739 4670 premissis
763 4586 883 4649 fuerint
903 4585 1058 4665 infamati,
1094 4587 1257 4668 presertim
1289 4605 1362 4650 enm
1395 4585 1515 4670 decani,
