3525 5209
273 402 324 456 584
632 401 906 475 Geschichtsquellen
925 403 974 460 der
994 405 1071 460 l'rov.
1092 405 1221 464 Sachseu.

274 553 418 617 canonici
450 560 480 617 ot
512 554 648 638 capitula
682 560 713 619 et
734 561 835 620 cetere
858 576 1000 640 persone,
1031 559 1063 620 in
1086 558 1203 622 eisdem
1226 557 1366 628 ecclesiis
1389 558 1582 639 beneficiate,

273 659 397 736 propter
426 653 626 733 tyrannidem
656 659 687 717 et
717 655 892 737 potenciam
923 655 1076 719 dictorum
1106 657 1312 739 opidanorum
1341 663 1372 720 ot
1396 675 1506 721 eorum
1529 658 1583 720 ad-

274 750 456 814 hcronoium
479 770 757 835 proexpressorum
788 773 852 816 non
873 757 994 837 possint
1014 754 1170 818 domicilia
1193 773 1301 817 eorum
1322 761 1388 818 tute
1405 755 1503 836 adire,
1523 775 1581 820 noo

273 855 413 932 sperent,
444 869 478 913 se
508 868 600 933 posse
627 851 661 914 in
693 850 835 934 partibus
862 871 958 935 super
983 852 1144 935 promissis
1165 853 1317 935 consequi
1349 852 1474 918 iusticie
1494 873 1580 918 com-

272 946 475 1030 plementum.
517 946 604 1012 Idem
637 967 711 1012 vero
745 949 894 1013 dominus
927 955 1032 1014 nostor
1062 969 1156 1033 papa,
1188 950 1304 1014 auditis
1343 957 1374 1016 et
1411 952 1580 1016 intellectis

272 1045 432 1128 predictis
464 1045 556 1109 nobis
586 1045 679 1110 Petro
709 1048 860 1111 cardinali
895 1049 1012 1132 prefato
1040 1047 1165 1112 oraculo
1199 1049 1271 1111 vivo
1296 1050 1382 1112 vocis
1413 1051 1581 1124 irornmisit,

271 1149 430 1225 quatenus
450 1144 487 1207 de
508 1150 539 1208 et
574 1164 670 1228 snper
690 1146 838 1230 predictis
867 1148 1111 1210 informaremus
1140 1165 1198 1209 nos
1217 1147 1403 1227 summarie,
1429 1149 1504 1210 etsi
1527 1167 1581 1231 per

272 1241 524 1306 informationem
547 1244 647 1326 ipsam
669 1245 879 1327 reperiremus
900 1245 999 1309 dictos
1021 1244 1167 1308 consules
1189 1249 1219 1308 et
1249 1244 1402 1327 opidanos
1425 1246 1580 1309 universi-

273 1340 344 1402 tatis
373 1339 447 1402 dicti
479 1340 563 1423 opidi
596 1340 634 1404 de
664 1341 809 1423 predictis
844 1341 1030 1418 infamatos,
1064 1342 1234 1405 citaremus
1272 1343 1400 1425 triginta
1439 1344 1579 1425 ipsorum

272 1438 477 1519 personaliter
498 1443 530 1502 et
549 1437 628 1502 alios
647 1438 785 1523 legitime
806 1458 1013 1522 responsuros
1043 1445 1073 1502 et
1102 1459 1158 1523 por·
1189 1441 1325 1504 edictum
1355 1440 1517 1525 publicum
1546 1443 1579 1504 in

272 1534 415 1599 Romana
446 1536 535 1600 curia
562 1542 593 1601 et
613 1538 787 1601 convicinis
816 1537 958 1619 partibus
991 1537 1192 1620 affigendum.
1236 1537 1301 1602 Nos
1341 1541 1425 1602 euim
1468 1538 1582 1603 Petrus

272 1633 454 1715 cardinalis,
477 1633 571 1698 index
594 1640 625 1698 et
645 1637 883 1699 commissarius
893 1637 1068 1720 predictus,
1092 1637 1180 1699 iuxta
1199 1637 1381 1700 mandatum
1394 1637 1581 1721 predictum,

274 1738 307 1795 ut
338 1732 542 1815 premittitur,
576 1732 666 1796 nobis
702 1733 839 1814 factum,
874 1735 1134 1798 informacionem
1176 1753 1194 1796 a
1225 1733 1287 1798 fide
1326 1736 1430 1819 dignis
1469 1737 1581 1800 iuratis

271 1829 406 1894 testibus
425 1830 602 1913 recepimus
621 1832 861 1914 premissorum,
890 1852 953 1915 qua
982 1851 1054 1896 cum
1084 1831 1245 1914 diligentia
1277 1833 1437 1916 prehabita
1460 1835 1580 1898 ininius

273 1946 328 2010 per
343 1929 529 2010 magistrum
541 1925 693 2009 Doynum
716 1928 755 1993 de
765 1927 882 2010 Remis,
905 1931 936 1993 iu
950 1929 1092 1994 Romana
1113 1930 1201 1993 curia
1223 1938 1432 2014 procuratore,
1453 1953 1490 1996 ac
1510 1953 1580 2016 pro-

272 2027 428 2090 curatorio
459 2029 588 2091 nomine
617 2026 772 2091 dictorum
803 2027 1004 2091 dominorum
1039 2028 1169 2108 decani,
1206 2028 1362 2092 scolastici
1392 2035 1424 2092 et
1451 2033 1580 2093 canoni·

272 2144 381 2188 corum
414 2125 652 2209 principalium,
681 2131 775 2209 prout
804 2126 842 2190 de
873 2146 932 2190 suo
961 2127 1107 2190 mandato
1138 2125 1230 2188 nobis
1263 2127 1401 2209 plenarie
1431 2130 1580 2204 constitit,

271 2243 343 2286 cum
366 2224 520 2288 instantia
540 2224 700 2307 requisiti,
726 2229 762 2286 ut
789 2225 821 2287 in
851 2223 934 2287 dicto
954 2225 1079 2307 negotio
1100 2223 1267 2307 procedere
1286 2231 1316 2288 et
1337 2224 1493 2308 predictos
1514 2228 1580 2310 opi·

273 2319 386 2396 danos,
418 2322 566 2386 consules
596 2327 627 2386 et
661 2321 898 2385 universitatem
931 2322 1005 2384 dicti
1036 2319 1121 2404 opidi
1150 2327 1213 2384 tam
1248 2323 1451 2404 personaliter
1483 2345 1578 2408 quam

272 2419 410 2503 legitime
430 2439 638 2503 responsuros
659 2421 749 2484 iuxta
768 2418 913 2483 traditam
936 2440 955 2482 a
976 2419 1049 2484 sede
1069 2419 1238 2502 apostolica
1260 2420 1352 2484 nobis
1371 2421 1505 2485 formam
1525 2442 1580 2506 per

273 2522 397 2581 nostras
419 2517 569 2600 speciales
592 2517 699 2581 literas
720 2519 808 2581 citari
829 2537 885 2601 per
906 2517 1042 2582 edictum
1060 2517 1223 2602 publicum
1246 2519 1475 2583 mandaremus.
1513 2519 1580 2584 Nos

273 2616 357 2679 enirn
384 2614 498 2679 Petrus
529 2613 706 2696 cardinalis,
738 2616 836 2680 iudex
863 2622 895 2680 ot
921 2617 1158 2680 commissarius
1181 2616 1346 2698 predictus,
1375 2617 1580 2698 attendentes,

274 2713 358 2797 quod
383 2731 439 2796 per
460 2714 712 2777 informationem
736 2714 868 2779 eandem
889 2716 1073 2779 invenimus
1096 2716 1180 2798 ipsos
1202 2715 1362 2797 opidanos,
1383 2715 1529 2780 consules
1550 2725 1581 2780 et

272 2812 479 2896 proconsules
506 2817 537 2876 et
566 2812 803 2876 universitatem
832 2812 871 2876 de
898 2813 1046 2896 predictis
1068 2813 1235 2877 infamatos
1257 2812 1398 2896 publice,
1430 2812 1580 2899 quodque

276 2911 415 2975 volentes
439 2910 851 2995 mandatumapostolicum,
872 2911 964 2976 nobis
985 2913 1018 2974 in
1041 2911 1099 2974 heo
1121 2916 1207 2994 parte
1228 2912 1442 2993 commissum,
1464 2915 1579 2997 exequi

273 3014 460 3090 reverenter,
482 3010 665 3072 auctoritato
676 3009 856 3093 apostolica,
871 3011 904 3072 in
923 3009 981 3073 hac
996 3015 1083 3093 pmte
1098 3009 1277 3088 commissa,
1292 3010 1418 3074 eosdem
1433 3012 1580 3075 consules

274 3112 304 3170 et
326 3106 546 3190 proconsules,
568 3106 719 3190 opidanos
740 3112 771 3170 et
794 3109 1030 3172 universitatem
1054 3107 1127 3170 dicti
1150 3107 1234 3189 opidi
1255 3113 1362 3172 tenore
1386 3111 1578 3192 presentium

272 3224 328 3290 per
346 3205 529 3270 huiusmodi
555 3205 693 3269 edictum
724 3206 862 3290 prescise
891 3212 921 3269 ot
949 3205 1156 3290 peremptorie
1176 3206 1311 3268 citamus
1333 3208 1517 3270 nominatim
1541 3207 1580 3270 de

273 3303 349 3387 ipsis
367 3303 592 3386 infrascriptos,
614 3302 756 3367 videlicet
780 3302 930 3384 Tylonem
961 3305 998 3368 de
1020 3288 1150 3382 Sachsa,
1176 3302 1401 3367 Theodericum
1432 3325 1493 3368 von
1525 3305 1581 3369 der

273 3400 419 3481 Wunne,
455 3401 628 3466 Martinam
667 3401 705 3465 de
742 3401 864 3480 Stadia,
902 3401 1072 3484 Hugonom
1112 3401 1290 3481 Brunonis,
1328 3402 1505 3467 Conradnm
1541 3403 1580 3466 de

273 3498 446 3579 Wissiuse,
476 3499 651 3563 Henricum
684 3499 722 3562 do
751 3498 873 3579 Salona,
905 3501 1085 3563 Couradnm
1118 3499 1250 3582 Notiug,
1282 3499 1507 3565 Theodericum
1541 3502 1579 3565 de

272 3597 437 3679 Benstete,
473 3597 656 3663 Bertoldum
689 3597 727 3661 de
757 3596 877 3677 Elrich,
909 3597 1088 3660 Conradum
1121 3598 1159 3660 de
1192 3596 1275 3660 Lacu
1307 3598 1385 3661 alias
1422 3600 1460 3663 de
1490 3601 1579 3680 Secu,

271 3694 451 3759 Henricum
474 3696 512 3759 de
531 3695 748 3773 Tannonrode,
768 3693 993 3759 Theodericum
1014 3694 1170 3778 Hugonis,
1190 3695 1367 3759 Henricum
1388 3696 1579 3761 deTenstete

271 3794 488 3878 proconsules,
525 3793 746 3858 Hermannnm
791 3791 943 3877 Grepher,
989 3792 1162 3857 Henricum
1207 3792 1316 3870 Erieh,
1352 3793 1503 3858 iacobum
1540 3795 1579 3859 de

271 3892 396 3971 Stedin,
421 3891 597 3956 Henricum
627 3892 665 3956 de
695 3890 883 3972 Meldingin,
911 3891 1078 3954 Albertum
1106 3893 1144 3955 de
1167 3889 1382 3971 ll'aldinrode,
1412 3892 1576 3956 Alberturn

271 3989 451 4074 Lyhergen,
482 3990 656 4055 Iohannem
688 3991 726 4054 de
750 3989 945 4072 Brantpaoh,
973 3989 1137 4053 Nicolaum
1172 3988 1302 4066 Unsote,
1329 3989 1505 4054 Henricum
1540 3991 1578 4054 de

271 4087 497 4170 Hemeleybin,
529 4088 754 4152 Theodericum
795 4087 833 4151 de
867 4087 1072 4169 Ozymmeru,
1105 4087 1282 4151 Henricum
1314 4088 1352 4151 de
1386 4087 1579 4173 hleyuiugiu,

272 4184 472 4250 fredericum
491 4186 710 4270 Rosencavvig,
738 4183 915 4249 Henricum
938 4187 976 4249 dc
998 4187 1186 4260 Gosirstote,
1212 4186 1387 4250 Hernicum
1415 4187 1454 4250 de
1480 4186 1579 4250 Bech-

272 4290 357 4364 stcte,
377 4283 601 4349 Hermannum
618 4284 765 4365 Stangen,
786 4282 963 4349 Henricum
985 4283 1146 4347 delfunoz
1170 4283 1387 4348 etchricuur
1410 4284 1448 4349 dc
1461 4284 1579 4349 flemde

272 4383 418 4447 consules
439 4383 513 4446 dicti
535 4384 632 4466 opidi,
652 4393 810 4466 quatenns
829 4383 1034 4464 personaliter
1049 4389 1079 4446 ot
1099 4383 1132 4444 in
1145 4401 1253 4445 corum
1267 4385 1424 4468 personis,
1446 4389 1476 4446 et
1495 4383 1581 4462 alios,

274 4489 308 4544 ut
328 4499 383 4563 per
405 4499 439 4544 se
460 4481 510 4544 vel
532 4501 640 4545 eorum
664 4490 880 4564 procuratores
903 4485 1097 4548 sufficientes
1117 4489 1147 4546 ot
1168 4484 1309 4563 ydoneos
1328 4491 1357 4548 ct
1378 4484 1580 4567 solempniter

272 4579 459 4642 constitutos
480 4599 554 4642 cum
576 4579 725 4644 omnibus
743 4583 828 4660 actis,
851 4582 976 4648 iuribus
997 4589 1028 4648 et
1047 4582 1264 4660 munimentis,
1280 4603 1408 4648 causam
1426 4591 1578 4648 etcausas
