3525 5209
274 398 305 449 12
636 392 910 463 Geeohiohtequellen
928 392 977 445 der·
996 360 1075 449 Pron.
1090 394 1220 451 Socheeo.

273 546 370 608 moris
403 552 450 607 est
481 552 512 607 et
541 544 620 607 iuris
649 549 730 608 terre
754 543 904 623 Tutingie
930 548 960 606 et
987 544 1124 607 civitatis
1144 544 1358 621 Erfordeusis,
1383 545 1579 608 iusticieliter

273 643 455 705 werandare
482 650 512 705 et
534 640 573 705 ab
590 645 675 705 omni
699 644 906 725 impetitione,
934 649 998 704 tam
1020 644 1052 703 in
1074 648 1171 724 parte,
1192 662 1287 724 quam
1310 644 1342 703 in
1364 647 1429 705 toto
1450 642 1579 705 reddero

274 742 388 805 liberos
410 746 441 803 et
462 740 626 803 indemnes
647 742 763 804 nostris
784 739 945 803 laboribus
966 747 997 803 et
1019 742 1182 823 expensis;
1204 742 1427 803 renunciantes
1449 742 1580 823 insuper

272 840 435 902 occasione
465 838 540 901 dicti
562 843 743 901 contractus
764 839 850 901 omni
874 838 1050 920 exceptioni
1074 856 1139 900 non
1165 837 1249 915 date,
1276 857 1340 900 non
1367 838 1484 917 solute,
1515 858 1578 901 non

274 944 437 1000 numerate
463 933 611 1019 pecunie,
639 937 814 1019 exceptioni
845 935 908 998 doli
935 934 1006 997 mali
1029 942 1060 998 et
1079 935 1266 1018 generaliter
1284 937 1371 999 omui
1393 936 1465 1014 iurr',
1483 934 1580 999 bene-

273 1034 343 1098 ficio
375 1040 406 1099 et
436 1033 611 1117 exceptioni
643 1032 722 1115 legis
753 1040 783 1097 et
814 1034 959 1109 canonis,
994 1052 1049 1116 per
1080 1053 1144 1115 qne
1173 1052 1302 1116 presens
1333 1038 1513 1097 oontrmtus
1544 1035 1579 1097 in

274 1132 413 1215 qualibet
449 1133 499 1195 sui
536 1137 624 1214 parte
662 1138 768 1216 posset
805 1129 940 1193 rescindi
972 1131 1021 1192 rel
1056 1130 1291 1213 quomodolibet
1320 1130 1482 1194 infirmari.
1539 1130 1577 1194 Iu

274 1231 499 1313 premissorum
519 1230 618 1311 igitur
638 1229 781 1291 omnium
803 1240 833 1291 et
854 1229 1053 1310 singulorum
1074 1229 1293 1291 certitudinem
1318 1228 1502 1311 ampliorem
1521 1250 1580 1293 nos

274 1326 462 1411 Rudolphns
484 1328 522 1391 de
544 1325 725 1389 Northusen
748 1332 780 1389 et
798 1324 1009 1389 Theodericus
1030 1326 1069 1389 de
1089 1325 1175 1406 Myle
1196 1326 1225 1389 S.
1248 1326 1347 1389 Marie
1367 1334 1398 1390 et
1417 1326 1582 1391 dohannes

273 1426 377 1489 dictus
406 1426 444 1488 de
468 1424 571 1487 dhone
598 1424 628 1489 S.
657 1424 763 1487 Severi
796 1423 998 1487 eeclesiarum
1026 1423 1266 1487 Erfurdensium
1297 1424 1446 1487 officiales
1477 1424 1580 1507 sigilla

274 1530 380 1587 nostre
409 1522 608 1585 officialitatis
634 1520 835 1604 presentibus
857 1540 898 1584 ex
927 1529 1011 1583 certa
1032 1523 1162 1585 scientia
1183 1522 1336 1585 duximus
1363 1523 1579 1607 appendenda.

272 1620 378 1684 Testes
405 1621 502 1683 helius
528 1620 574 1683 rei
596 1626 685 1681 sunt:
713 1619 837 1682 discreti
868 1619 926 1681 viri
948 1618 1096 1681 domiuus
1115 1618 1261 1683 Siffridus
1282 1621 1385 1683 dictus
1405 1620 1444 1683 de
1465 1620 1580 1698 Hallis,

276 1719 425 1799 uragister
446 1716 617 1781 Heinricus
639 1716 677 1779 de
698 1714 901 1797 Sebeleybin‚
928 1716 1078 1778 dominus
1099 1715 1251 1780 Nicotaus
1272 1717 1375 1780 dictus
1397 1718 1436 1781 de
1456 1717 1580 1799 Byche·

274 1816 372 1897 lingin
407 1814 551 1878 canonici
577 1813 706 1877 ecclesie
733 1832 754 1876 s.
782 1814 889 1877 Severi
916 1812 1130 1883 Erfurdeusis,
1160 1813 1344 1898 Ludolphus
1379 1814 1418 1879 de
1447 1815 1579 1892 limene,

272 1913 481 1977 Theodericus
507 1912 610 1975 dictus
641 1910 725 1974 Saxo
745 1913 830 1975 cives
852 1910 1069 1990 Erfordenses,
1098 1910 1262 1975 Conradus
1280 1912 1318 1975 de
1339 1913 1459 1977 Selvelt
1479 1919 1581 1977 rector

272 2012 449 2075 scholarum
489 2010 668 2073 monasterii
706 2028 730 2072 s.
765 2008 848 2072 Petri
880 2009 1011 2090 predicti
1043 2028 1080 2071 ac
1110 2009 1283 2073 Heinricus
1313 2011 1416 2074 dictus
1452 2010 1579 2075 Baurus

273 2109 426 2173 scultetus
447 2108 564 2171 ibidem
584 2126 708 2171 necnon
728 2107 835 2189 plures
853 2107 905 2169 aiii
923 2106 984 2170 fide
1001 2107 1097 2189 digni.
1130 2110 1246 2171 Actum
1263 2115 1295 2170 et
1308 2108 1418 2171 dutum
1437 2106 1580 2171 Ertordic

271 2225 355 2270 anno
367 2206 495 2270 Domini
507 2204 674 2271 millesimo
693 2205 904 2268 tricentesimo
920 2205 1067 2268 vicesimo
1083 2206 1231 2284 seeundo,
1243 2205 1558 2287 septimoidusdulii.

272 2374 382 2456 1322.
409 2372 503 2455 Jult
532 2372 592 2454 13.
835 2455 841 2466 ,
1521 2374 1579 2455 lt.

371 2510 479 2573 Frater
498 2508 698 2585 LudewieuS,
724 2509 842 2572 ordinis
862 2511 1125 2591 Augustinensis‚
1147 2512 1312 2593 episcopus
1332 2508 1579 2591 Marronyensis‚

372 2612 517 2691 gerentes
555 2610 639 2671 vices
672 2606 789 2669 Mathie
826 2608 1050 2689 archiepiscopi
1081 2606 1260 2689 Mogontini
1292 2608 1382 2671 electi
1412 2606 1494 2670 oen
1523 2609 1579 2670 der

376 2704 495 2769 Kirehe
522 2705 646 2768 Mentini
678 2706 760 2767 intra
791 2704 826 2765 in
851 2704 969 2783 Erfurt
995 2704 1085 2765 cinca
1111 2703 1312 2784 Ablossbries
1336 2724 1406 2769 aas.

358 2802 475 2868 Datum
496 2803 640 2867 Erfordie
660 2822 743 2865 anno
765 2801 893 2865 Domini
915 2800 1201 2879 dcccxxii,
1222 2802 1278 2867 111.
1301 2802 1378 2866 Idus
1398 2803 1486 2866 Julii.

429 2916 857 2988 or.emx91.m‚a2ur1.s.u

278 3076 390 3161 1322.
415 3077 510 3157 eun
538 3080 601 3161 la.
1259 3041 1262 3046 ’
1517 3078 1577 3157 is.

376 3215 503 3277 Strenui
526 3214 586 3275 viri
607 3212 795 3275 Ludewicus
816 3211 854 3275 de
868 3211 989 3275 limene
1004 3220 1034 3275 et
1049 3210 1258 3275 Theodericus
1275 3212 1313 3274 dc
1333 3212 1578 3292 Hcrverslcybin

373 3313 458 3375 cives
479 3310 684 3374 Ed'ordenses
711 3306 833 3371 werden
852 3306 902 3370 uls
923 3308 1104 3388 Mitpiieder
1121 3310 1174 3371 ue
1196 3308 1578 3390 Inuartfriedcaspericbtcs

371 3408 429 3489 fiir
452 3406 635 3486 Ibiirinpen
660 3410 801 3487 pendant
829 3406 863 3468 in
896 3406 951 3468 der
971 3394 1092 3487 Irreny
1112 3407 1262 3470 armaten
1282 3407 1338 3469 dm
1358 3408 1449 3471 aaut
1471 3408 1578 3471 ntum

373 3504 494 3567 heusen
515 3504 584 3567 und
604 3504 664 3567 den
686 3502 810 3566 Horren
832 3524 891 3567 vora
912 3502 1126 3583 Hordeebcrp.

422 3620 549 3690 Herpuet,
565 3620 622 3677 ΠΒ,
632 3620 806 3675 derReiclasst.
818 3620 924 3673 Mdblb.
934 3621 1052 3687 Naz778,
1064 3620 1122 3689 GQ.
1133 3622 1158 3674 d.
1170 3620 1245 3679 Proc.
1252 3621 1396 3676 Suetueel
1400 3620 1428 3688 V,
1438 3622 1465 3676 S.
1475 3624 1541 3676 366.

274 3794 386 3878 1322.
411 3798 573 3895 August
598 3796 661 3878 28.
689 3796 853 3876 Erfurt.
1518 3801 1578 3881 ta.

371 3932 547 4010 Matthias,
570 3932 731 3997 mwddaltcr
749 3932 938 4013 &abiectus
952 3953 1011 3997 oon
1032 3932 1163 4010 Maiae,
1185 3935 1326 4013 tieedddpt
1345 3935 1414 3997 need
1437 3939 1581 3997 emecucit

372 4030 423 4093 die
452 4030 669 4111 Verpucbtunp
695 4030 749 4093 des
769 4028 898 4094 Houses
922 4051 977 4094 vor
997 4031 1058 4094 den
1081 4031 1212 4094 Groden
1244 4032 1291 4094 bei
1312 4033 1380 4096 dem
1401 4032 1580 4112 msbisdedf-

371 4127 471 4191 lichen
505 4128 627 4192 Gorten
665 4128 735 4191 aad
765 4127 820 4190 der
854 4148 917 4217 ncta
946 4129 1097 4209 yebuutcu
1128 4128 1282 4210 Resonet,
1319 4130 1378 4209 dus
1409 4130 1580 4195 Mamerto

370 4228 523 4306 peccant,
555 4246 599 4288 on
625 4226 676 4289 dic
703 4226 795 4291 Aeto
825 4224 1113 4291 Reiabordsbruan
1138 4227 1208 4289 und
1234 4228 1327 4290 deren
1354 4228 1484 4303 Mietor,
1517 4228 1578 4290 den

374 4323 511 4391 olette
532 4323 661 4387 Jotann
681 4344 740 4388 von
762 4324 903 4401 Mansio,
925 4326 992 4405 osef
1008 4325 1115 4389 descen
1137 4325 1322 4389 nemeen.

424 4443 468 4496 Or.
481 4442 529 4495 mn
541 4442 568 4499 S.
580 4441 618 4494 im
627 4440 664 4499 D,
675 4442 708 4495 A.

351 4546 418 4611 Nos
440 4545 575 4610 Mathias
597 4545 655 4609 Dei
677 4552 707 4610 et
735 4549 905 4630 apostolice
925 4550 1009 4614 sedis
1030 4552 1131 4633 matie
1158 4557 1265 4613 sancte
1286 4549 1472 4631 Mogontine
1493 4548 1578 4613 sedis
